day;timestamp;product;bid_price_1;bid_volume_1;bid_price_2;bid_volume_2;bid_price_3;bid_volume_3;ask_price_1;ask_volume_1;ask_price_2;ask_volume_2;ask_price_3;ask_volume_3;mid_price;profit_and_loss
1;0;AMETHYSTS;9998;9;9995;23;;;10005;23;;;;;10001.5;0.0
1;0;STARFRUIT;5047;23;;;;;5054;23;;;;;5050.5;0.0
1;100;STARFRUIT;5053;1;5050;2;5047;22;5054;22;;;;;5053.5;0.0
1;100;AMETHYSTS;10002;1;10000;2;9998;4;10004;1;10005;21;;;10003.0;0.0
1;200;AMETHYSTS;9996;1;9995;21;;;10004;1;10005;21;;;10000.0;2.0
1;200;STARFRUIT;5048;1;5047;21;;;5054;22;;;;;5051.0;0.0
1;300;AMETHYSTS;9995;26;;;;;10005;26;;;;;10000.0;2.0
1;300;STARFRUIT;5053;1;5047;26;;;5054;26;;;;;5053.5;-61.8125
1;400;AMETHYSTS;9998;8;9996;2;9995;26;10004;2;10005;26;;;10001.0;2.0
1;400;STARFRUIT;5047;28;;;;;5054;28;;;;;5050.5;-74.859375
1;500;STARFRUIT;5048;24;;;;;5053;3;5055;24;;;5050.5;-50.4375
1;500;AMETHYSTS;9998;8;9996;1;9995;23;10004;1;10005;23;;;10001.0;2.0
1;600;AMETHYSTS;9996;2;9995;28;;;10004;2;10005;28;;;10000.0;2.0
1;600;STARFRUIT;5052;5;5048;30;;;5055;30;;;;;5053.5;-50.9296875
1;700;AMETHYSTS;9996;1;9995;22;;;10004;1;10005;22;;;10000.0;2.0
1;700;STARFRUIT;5048;22;;;;;5055;23;;;;;5051.5;-54.46875
1;800;AMETHYSTS;9996;1;9995;24;;;10000;3;10004;1;10005;24;9998.0;2.0
1;800;STARFRUIT;5048;25;;;;;5051;3;5055;25;;;5049.5;-48.3203125
1;900;STARFRUIT;5048;21;;;;;5055;21;;;;;5051.5;-53.5078125
1;900;AMETHYSTS;9996;1;9995;20;;;9998;11;10004;1;10005;20;9997.0;2.0
1;1000;STARFRUIT;5049;1;5048;30;;;5055;31;;;;;5052.0;-40.625
1;1000;AMETHYSTS;9996;1;9995;30;;;10004;1;10005;30;;;10000.0;24.0
1;1100;AMETHYSTS;9996;1;9995;21;;;10002;6;10004;1;10005;21;9999.0;24.0
1;1100;STARFRUIT;5049;22;;;;;5055;1;5056;21;;;5052.0;-35.71875
1;1200;STARFRUIT;5049;22;;;;;5056;23;;;;;5052.5;-22.46875
1;1200;AMETHYSTS;9996;1;9995;22;;;10004;1;10005;22;;;10000.0;24.0
1;1300;STARFRUIT;5050;25;;;;;5057;25;;;;;5053.5;-16.5703125
1;1300;AMETHYSTS;10002;1;9995;25;;;10005;25;;;;;10003.5;24.0
1;1400;STARFRUIT;5049;23;;;;;5052;6;5056;23;;;5050.5;-21.0859375
1;1400;AMETHYSTS;9995;23;;;;;10000;6;10005;23;;;9997.5;26.0
1;1500;AMETHYSTS;9996;1;9995;20;;;9998;4;10004;1;10005;20;9997.0;26.0
1;1500;STARFRUIT;5054;1;5049;21;;;5056;21;;;;;5055.0;-30.5390625
1;1600;STARFRUIT;5049;30;;;;;5056;30;;;;;5052.5;-33.15625
1;1600;AMETHYSTS;9996;2;9995;28;;;10004;2;10005;28;;;10000.0;34.0
1;1700;STARFRUIT;5049;28;;;;;5054;8;5056;28;;;5051.5;-35.6328125
1;1700;AMETHYSTS;9995;28;;;;;10005;28;;;;;10000.0;34.0
1;1800;STARFRUIT;5051;4;5048;23;;;5055;23;;;;;5053.0;-53.46875
1;1800;AMETHYSTS;10000;4;9995;23;;;10002;10;10005;23;;;10001.0;34.0
1;1900;AMETHYSTS;9996;2;9995;30;;;10004;2;10005;30;;;10000.0;34.0
1;1900;STARFRUIT;5047;32;;;;;5048;1;5054;32;;;5047.5;-65.4296875
1;2000;STARFRUIT;5049;2;5048;21;;;5055;23;;;;;5052.0;-43.3125
1;2000;AMETHYSTS;9996;2;9995;21;;;10004;2;10005;21;;;10000.0;34.0
1;2100;STARFRUIT;5048;28;;;;;5053;5;5055;28;;;5050.5;-49.609375
1;2100;AMETHYSTS;9996;2;9995;26;;;10004;2;10005;26;;;10000.0;34.0
1;2200;STARFRUIT;5050;4;5049;21;;;5055;1;5056;20;;;5052.5;-36.4140625
1;2200;AMETHYSTS;9996;1;9995;20;;;9998;4;10004;1;10005;20;9997.0;34.0
1;2300;AMETHYSTS;9996;2;9995;22;;;10004;2;10005;22;;;10000.0;42.0
1;2300;STARFRUIT;5050;5;5049;24;;;5056;24;;;;;5053.0;-30.4296875
1;2400;STARFRUIT;5049;22;;;;;5055;2;5056;20;;;5052.0;-36.8359375
1;2400;AMETHYSTS;9996;2;9995;20;;;10004;2;10005;20;;;10000.0;42.0
1;2500;STARFRUIT;5049;2;5048;21;;;5055;23;;;;;5052.0;-40.7421875
1;2500;AMETHYSTS;9998;3;9996;2;9995;21;10004;2;10005;21;;;10001.0;42.0
1;2600;STARFRUIT;5048;30;;;;;5055;30;;;;;5051.5;-51.078125
1;2600;AMETHYSTS;10002;1;9996;1;9995;29;10004;1;10005;29;;;10003.0;42.0
1;2700;AMETHYSTS;9998;7;9996;2;9995;21;10004;2;10005;21;;;10001.0;44.0
1;2700;STARFRUIT;5049;7;5048;23;;;5055;23;;;;;5052.0;-45.5078125
1;2800;STARFRUIT;5049;27;;;;;5056;27;;;;;5052.5;-35.203125
1;2800;AMETHYSTS;9995;27;;;;;10005;27;;;;;10000.0;44.0
1;2900;STARFRUIT;5049;22;;;;;5056;22;;;;;5052.5;-33.9765625
1;2900;AMETHYSTS;9996;2;9995;20;;;10004;2;10005;20;;;10000.0;44.0
1;3000;STARFRUIT;5054;1;5050;5;5049;30;5056;30;;;;;5055.0;-35.5546875
1;3000;AMETHYSTS;9996;1;9995;29;;;10004;1;10005;29;;;10000.0;44.0
1;3100;AMETHYSTS;9998;5;9996;1;9995;27;10004;1;10005;27;;;10001.0;44.0
1;3100;STARFRUIT;5048;28;;;;;5055;28;;;;;5051.5;-47.765625
1;3200;STARFRUIT;5049;24;;;;;5052;5;5056;24;;;5050.5;-35.1875
1;3200;AMETHYSTS;10002;2;9995;24;;;10005;24;;;;;10003.5;44.0
1;3300;STARFRUIT;5050;1;5049;24;;;5056;25;;;;;5053.0;-21.359375
1;3300;AMETHYSTS;10002;1;9996;1;9995;24;10004;1;10005;24;;;10003.0;48.0
1;3400;STARFRUIT;5050;29;;;;;5056;2;5057;27;;;5053.0;-17.171875
1;3400;AMETHYSTS;9998;10;9996;2;9995;27;10004;2;10005;27;;;10001.0;50.0
1;3500;AMETHYSTS;9995;26;;;;;10002;10;10005;26;;;9998.5;50.0
1;3500;STARFRUIT;5049;26;;;;;5057;26;;;;;5053.0;-20.453125
1;3600;STARFRUIT;5050;27;;;;;5057;27;;;;;5053.5;-15.796875
1;3600;AMETHYSTS;9995;27;;;;;10002;8;10005;27;;;9998.5;50.0
1;3700;STARFRUIT;5050;25;;;;;5057;25;;;;;5053.5;-6.859375
1;3700;AMETHYSTS;9998;3;9995;25;;;10005;25;;;;;10001.5;50.0
1;3800;STARFRUIT;5051;24;;;;;5056;7;5058;24;;;5053.5;8.1328125
1;3800;AMETHYSTS;9995;24;;;;;10005;24;;;;;10000.0;50.0
1;3900;AMETHYSTS;9996;2;9995;24;;;10004;2;10005;24;;;10000.0;50.0
1;3900;STARFRUIT;5051;1;5050;26;;;5057;26;;;;;5054.0;-6.7109375
1;4000;STARFRUIT;5051;30;;;;;5058;31;;;;;5054.5;5.2421875
1;4000;AMETHYSTS;10002;1;9996;1;9995;30;10004;1;10005;30;;;10003.0;50.0
1;4100;STARFRUIT;5054;5;5052;2;5051;22;5058;24;;;;;5056.0;17.015625
1;4100;AMETHYSTS;10000;5;9996;2;9995;22;10002;4;10004;2;10005;22;10001.0;52.0
1;4200;STARFRUIT;5051;29;;;;;5056;7;5058;29;;;5053.5;7.8203125
1;4200;AMETHYSTS;10002;5;9996;1;9995;28;10004;1;10005;28;;;10003.0;52.0
1;4300;AMETHYSTS;9995;26;;;;;10002;8;10005;26;;;9998.5;62.0
1;4300;STARFRUIT;5052;26;;;;;5054;2;5059;26;;;5053.0;36.9140625
1;4400;STARFRUIT;5052;28;;;;;5059;28;;;;;5055.5;37.8984375
1;4400;AMETHYSTS;9995;28;;;;;10005;28;;;;;10000.0;62.0
1;4500;STARFRUIT;5053;26;;;;;5058;8;5060;26;;;5055.5;47.4609375
1;4500;AMETHYSTS;9995;26;;;;;10005;26;;;;;10000.0;62.0
1;4600;STARFRUIT;5053;21;;;;;5058;3;5060;21;;;5055.5;48.75
1;4600;AMETHYSTS;9995;21;;;;;10005;21;;;;;10000.0;62.0
1;4700;AMETHYSTS;9998;5;9995;26;;;10005;26;;;;;10001.5;62.0
1;4700;STARFRUIT;5053;26;;;;;5060;26;;;;;5056.5;54.359375
1;4800;STARFRUIT;5059;1;5054;7;5053;23;5060;23;;;;;5059.5;51.140625
1;4800;AMETHYSTS;9996;1;9995;22;;;10004;1;10005;22;;;10000.0;62.0
1;4900;STARFRUIT;5054;2;5053;22;;;5058;6;5060;24;;;5056.0;57.8828125
1;4900;AMETHYSTS;9996;2;9995;22;;;10004;2;10005;22;;;10000.0;62.0
1;5000;STARFRUIT;5054;5;5053;31;;;5060;31;;;;;5057.0;53.2109375
1;5000;AMETHYSTS;9998;9;9996;1;9995;30;10004;1;10005;30;;;10001.0;62.0
1;5100;AMETHYSTS;9995;26;;;;;10005;26;;;;;10000.0;62.0
1;5100;STARFRUIT;5053;26;;;;;5060;26;;;;;5056.5;52.359375
1;5200;STARFRUIT;5056;5;5054;6;5053;25;5060;25;;;;;5058.0;45.7421875
1;5200;AMETHYSTS;10000;5;9998;7;9996;2;10004;2;10005;23;;;10002.0;62.0
1;5300;STARFRUIT;5054;22;;;;;5061;22;;;;;5057.5;61.3203125
1;5300;AMETHYSTS;9995;22;;;;;9998;12;10005;22;;;9996.5;62.0
1;5400;AMETHYSTS;9995;30;;;;;10005;30;;;;;10000.0;62.0
1;5400;STARFRUIT;5054;30;;;;;5061;30;;;;;5057.5;70.265625
1;5500;STARFRUIT;5054;29;;;;;5055;8;5060;1;5061;28;5054.5;61.1875
1;5500;AMETHYSTS;9996;1;9995;28;;;10004;1;10005;28;;;10000.0;66.0
1;5600;STARFRUIT;5053;25;;;;;5060;25;;;;;5056.5;54.125
1;5600;AMETHYSTS;9998;2;9996;2;9995;23;10004;2;10005;23;;;10001.0;70.0
1;5700;STARFRUIT;5055;3;5054;31;;;5060;1;5061;30;;;5057.5;63.0859375
1;5700;AMETHYSTS;9996;1;9995;30;;;10004;1;10005;30;;;10000.0;70.0
1;5800;AMETHYSTS;9996;2;9995;28;;;10004;2;10005;28;;;10000.0;70.0
1;5800;STARFRUIT;5054;30;;;;;5061;30;;;;;5057.5;67.5703125
1;5900;STARFRUIT;5054;23;;;;;5061;23;;;;;5057.5;65.9296875
1;5900;AMETHYSTS;9996;2;9995;21;;;10004;2;10005;21;;;10000.0;70.0
1;6000;STARFRUIT;5053;30;;;;;5060;30;;;;;5056.5;58.4453125
1;6000;AMETHYSTS;9995;30;;;;;10002;10;10005;30;;;9998.5;70.0
1;6100;STARFRUIT;5054;25;;;;;5061;25;;;;;5057.5;69.125
1;6100;AMETHYSTS;9996;1;9995;24;;;10004;1;10005;24;;;10000.0;70.0
1;6200;AMETHYSTS;9998;3;9996;1;9995;29;10004;1;10005;29;;;10001.0;70.0
1;6200;STARFRUIT;5060;1;5054;30;;;5061;30;;;;;5060.5;75.4765625
1;6300;STARFRUIT;5054;22;;;;;5062;22;;;;;5058.0;80.0703125
1;6300;AMETHYSTS;9995;22;;;;;10005;22;;;;;10000.0;70.0
1;6400;STARFRUIT;5054;24;;;;;5061;24;;;;;5057.5;71.59375
1;6400;AMETHYSTS;9996;1;9995;23;;;10002;6;10004;1;10005;23;9999.0;70.0
1;6500;STARFRUIT;5054;22;;;;;5061;22;;;;;5057.5;73.015625
1;6500;AMETHYSTS;9995;22;;;;;10005;22;;;;;10000.0;70.0
1;6600;AMETHYSTS;9996;2;9995;27;;;10004;2;10005;27;;;10000.0;70.0
1;6600;STARFRUIT;5055;29;;;;;5056;7;5062;29;;;5055.5;85.2734375
1;6700;STARFRUIT;5054;31;;;;;5059;7;5061;31;;;5056.5;67.0390625
1;6700;AMETHYSTS;9996;1;9995;30;;;10004;1;10005;30;;;10000.0;70.0
1;6800;STARFRUIT;5056;4;5054;2;5053;29;5060;31;;;;;5058.0;57.25
1;6800;AMETHYSTS;10000;5;9996;2;9995;29;10004;2;10005;29;;;10002.0;70.0
1;6900;STARFRUIT;5053;29;;;;;5058;3;5060;29;;;5055.5;50.875
1;6900;AMETHYSTS;9996;2;9995;27;;;10004;2;10005;27;;;10000.0;70.0
1;7000;AMETHYSTS;9996;1;9995;30;;;10004;1;10005;30;;;10000.0;70.0
1;7000;STARFRUIT;5055;7;5054;31;;;5061;31;;;;;5058.0;65.7421875
1;7100;STARFRUIT;5054;31;;;;;5061;31;;;;;5057.5;74.4453125
1;7100;AMETHYSTS;9996;1;9995;30;;;9998;5;10002;7;10004;1;9997.0;70.0
1;7200;STARFRUIT;5056;6;5055;23;;;5062;23;;;;;5059.0;84.640625
1;7200;AMETHYSTS;9996;1;9995;22;;;10002;1;10004;1;10005;22;9999.0;80.0
1;7300;STARFRUIT;5055;1;5054;25;;;5061;26;;;;;5058.0;77.828125
1;7300;AMETHYSTS;9996;1;9995;25;;;10004;1;10005;25;;;10000.0;88.0
1;7400;AMETHYSTS;10002;1;9995;22;;;10005;22;;;;;10003.5;88.0
1;7400;STARFRUIT;5055;22;;;;;5062;22;;;;;5058.5;87.8984375
1;7500;STARFRUIT;5055;29;;;;;5060;3;5062;29;;;5057.5;82.046875
1;7500;AMETHYSTS;9995;29;;;;;10005;29;;;;;10000.0;90.0
1;7600;AMETHYSTS;10002;1;9995;27;;;10005;27;;;;;10003.5;90.0
1;7600;STARFRUIT;5054;27;;;;;5061;27;;;;;5057.5;72.375
1;7700;AMETHYSTS;9996;1;9995;25;;;10002;5;10004;1;10005;25;9999.0;92.0
1;7700;STARFRUIT;5054;26;;;;;5061;26;;;;;5057.5;71.8125
1;7800;AMETHYSTS;9995;23;;;;;10005;23;;;;;10000.0;92.0
1;7800;STARFRUIT;5055;1;5054;23;;;5061;23;;;;;5058.0;78.890625
1;7900;STARFRUIT;5055;2;5054;22;;;5061;24;;;;;5058.0;77.3125
1;7900;AMETHYSTS;9996;2;9995;22;;;10002;7;10004;2;10005;22;9999.0;92.0
1;8000;AMETHYSTS;10000;3;9996;2;9995;28;10004;2;10005;28;;;10002.0;92.0
1;8000;STARFRUIT;5059;1;5057;3;5054;30;5061;30;;;;;5060.0;68.015625
1;8100;AMETHYSTS;9995;25;;;;;10005;25;;;;;10000.0;92.0
1;8100;STARFRUIT;5054;25;;;;;5061;25;;;;;5057.5;64.765625
1;8200;AMETHYSTS;9996;2;9995;25;;;10004;2;10005;25;;;10000.0;92.0
1;8200;STARFRUIT;5054;27;;;;;5061;27;;;;;5057.5;65.453125
1;8300;STARFRUIT;5054;28;;;;;5061;28;;;;;5057.5;75.78125
1;8300;AMETHYSTS;9998;9;9995;28;;;10005;28;;;;;10001.5;92.0
1;8400;AMETHYSTS;9998;5;9995;29;;;10005;29;;;;;10001.5;92.0
1;8400;STARFRUIT;5055;29;;;;;5062;29;;;;;5058.5;80.96875
1;8500;AMETHYSTS;9996;2;9995;25;;;10004;2;10005;25;;;10000.0;92.0
1;8500;STARFRUIT;5055;10;5054;25;;;5061;2;5062;25;;;5058.0;79.671875
1;8600;AMETHYSTS;9996;2;9995;27;;;10004;2;10005;27;;;10000.0;92.0
1;8600;STARFRUIT;5055;2;5054;27;;;5061;29;;;;;5058.0;77.875
1;8700;STARFRUIT;5059;1;5055;8;5054;24;5061;24;;;;;5060.0;67.8203125
1;8700;AMETHYSTS;9996;2;9995;22;;;10004;2;10005;22;;;10000.0;92.0
1;8800;AMETHYSTS;9996;1;9995;30;;;10004;1;10005;30;;;10000.0;92.0
1;8800;STARFRUIT;5054;1;5053;30;;;5060;1;5061;30;;;5057.0;59.3828125
1;8900;AMETHYSTS;9995;26;;;;;10005;26;;;;;10000.0;92.0
1;8900;STARFRUIT;5055;2;5054;26;;;5061;26;;;;;5058.0;67.9765625
1;9000;AMETHYSTS;9995;23;;;;;10005;23;;;;;10000.0;92.0
1;9000;STARFRUIT;5054;23;;;;;5061;23;;;;;5057.5;76.984375
1;9100;STARFRUIT;5056;5;5055;22;;;5062;22;;;;;5059.0;83.9453125
1;9100;AMETHYSTS;9995;22;;;;;9998;1;10005;22;;;9996.5;92.0
1;9200;AMETHYSTS;9996;2;9995;25;;;10004;2;10005;25;;;10000.0;126.0
1;9200;STARFRUIT;5056;3;5055;27;;;5061;2;5062;25;;;5058.5;83.390625
1;9300;AMETHYSTS;10002;11;9998;1;9996;1;10004;1;10005;29;;;10003.0;126.0
1;9300;STARFRUIT;5055;30;;;;;5062;30;;;;;5058.5;91.4375
1;9400;AMETHYSTS;10002;1;9996;2;9995;28;10004;2;10005;28;;;10003.0;148.0
1;9400;STARFRUIT;5056;3;5055;30;;;5062;30;;;;;5059.0;93.0390625
1;9500;STARFRUIT;5055;26;;;;;5062;26;;;;;5058.5;89.390625
1;9500;AMETHYSTS;10002;1;9996;2;9995;24;10004;2;10005;24;;;10003.0;150.0
1;9600;AMETHYSTS;9996;1;9995;20;;;10002;6;10004;1;10005;20;9999.0;152.0
1;9600;STARFRUIT;5056;1;5055;20;;;5062;21;;;;;5059.0;95.765625
1;9700;AMETHYSTS;9996;1;9995;30;;;10000;4;10004;1;10005;30;9998.0;152.0
1;9700;STARFRUIT;5056;31;;;;;5059;5;5061;5;5063;31;5057.5;108.8671875
1;9800;STARFRUIT;5056;26;;;;;5062;2;5063;24;;;5059.0;102.5703125
1;9800;AMETHYSTS;9998;1;9996;2;9995;24;10004;2;10005;24;;;10001.0;152.0
1;9900;STARFRUIT;5055;24;;;;;5062;24;;;;;5058.5;97.2734375
1;9900;AMETHYSTS;9995;24;;;;;10005;24;;;;;10000.0;152.0
1;10000;STARFRUIT;5055;27;;;;;5062;27;;;;;5058.5;91.234375
1;10000;AMETHYSTS;9995;27;;;;;10005;27;;;;;10000.0;152.0
1;10100;AMETHYSTS;10002;4;9996;1;9995;20;10004;1;10005;20;;;10003.0;152.0
1;10100;STARFRUIT;5055;21;;;;;5060;5;5062;21;;;5057.5;87.8203125
1;10200;STARFRUIT;5055;20;;;;;5062;20;;;;;5058.5;83.7890625
1;10200;AMETHYSTS;9995;20;;;;;10005;20;;;;;10000.0;160.0
1;10300;STARFRUIT;5056;5;5055;25;;;5062;25;;;;;5059.0;86.859375
1;10300;AMETHYSTS;9996;1;9995;24;;;10004;1;10005;24;;;10000.0;160.0
1;10400;STARFRUIT;5055;25;;;;;5062;25;;;;;5058.5;86.71875
1;10400;AMETHYSTS;9995;25;;;;;10005;25;;;;;10000.0;160.0
1;10500;AMETHYSTS;9995;26;;;;;10005;26;;;;;10000.0;160.0
1;10500;STARFRUIT;5056;8;5055;26;;;5062;26;;;;;5059.0;82.6484375
1;10600;STARFRUIT;5060;3;5055;20;;;5062;20;;;;;5061.0;87.28125
1;10600;AMETHYSTS;9995;20;;;;;10005;20;;;;;10000.0;160.0
1;10700;STARFRUIT;5056;7;5055;24;;;5062;24;;;;;5059.0;90.96875
1;10700;AMETHYSTS;9995;24;;;;;9998;3;10005;24;;;9996.5;160.0
1;10800;STARFRUIT;5057;6;5056;23;;;5063;23;;;;;5060.0;102.0390625
1;10800;AMETHYSTS;9995;23;;;;;10002;1;10005;23;;;9998.5;166.0
1;10900;AMETHYSTS;9996;1;9995;22;;;10000;6;10004;1;10005;22;9998.0;166.0
1;10900;STARFRUIT;5055;23;;;;;5058;6;5062;23;;;5056.5;93.96875
1;11000;STARFRUIT;5055;27;;;;;5060;2;5061;1;5062;26;5057.5;81.75
1;11000;AMETHYSTS;9996;1;9995;26;;;10004;1;10005;26;;;10000.0;166.0
1;11100;STARFRUIT;5056;1;5055;31;;;5061;1;5062;30;;;5058.5;81.0078125
1;11100;AMETHYSTS;9996;1;9995;30;;;10002;1;10004;1;10005;30;9999.0;166.0
1;11200;STARFRUIT;5055;30;;;;;5060;5;5062;30;;;5057.5;90.65625
1;11200;AMETHYSTS;9996;2;9995;28;;;10004;2;10005;28;;;10000.0;166.0
1;11300;AMETHYSTS;9996;2;9995;25;;;10002;2;10004;2;10005;25;9999.0;166.0
1;11300;STARFRUIT;5055;2;5054;25;;;5061;27;;;;;5058.0;76.765625
1;11400;STARFRUIT;5054;30;;;;;5061;30;;;;;5057.5;76.078125
1;11400;AMETHYSTS;9995;30;;;;;10005;30;;;;;10000.0;166.0
1;11500;STARFRUIT;5055;1;5054;28;;;5059;5;5061;29;;;5057.0;76.8359375
1;11500;AMETHYSTS;9996;1;9995;28;;;10004;1;10005;28;;;10000.0;166.0
1;11600;STARFRUIT;5055;24;;;;;5060;7;5061;2;5062;22;5057.5;82.671875
1;11600;AMETHYSTS;9996;2;9995;22;;;10004;2;10005;22;;;10000.0;166.0
1;11700;AMETHYSTS;10000;4;9996;2;9995;20;10004;2;10005;20;;;10002.0;166.0
1;11700;STARFRUIT;5057;4;5054;22;;;5061;22;;;;;5059.0;69.2109375
1;11800;STARFRUIT;5055;5;5054;21;;;5056;4;5061;22;;;5055.5;78.890625
1;11800;AMETHYSTS;9998;10;9996;1;9995;21;10004;1;10005;21;;;10001.0;166.0
1;11900;STARFRUIT;5057;4;5054;23;;;5061;23;;;;;5059.0;69.8046875
1;11900;AMETHYSTS;10002;1;10000;4;9998;1;10004;1;10005;22;;;10003.0;166.0
1;12000;STARFRUIT;5054;28;;;;;5060;1;5061;27;;;5057.0;60.953125
1;12000;AMETHYSTS;9996;1;9995;27;;;10004;1;10005;27;;;10000.0;168.0
1;12100;AMETHYSTS;9996;2;9995;23;;;9998;8;10004;2;10005;23;9997.0;168.0
1;12100;STARFRUIT;5054;2;5053;23;;;5060;2;5061;23;;;5057.0;60.34375
1;12200;STARFRUIT;5054;25;;;;;5061;25;;;;;5057.5;66.2109375
1;12200;AMETHYSTS;9996;2;9995;23;;;10004;2;10005;23;;;10000.0;184.0
1;12300;STARFRUIT;5055;4;5054;25;;;5061;25;;;;;5058.0;72.1171875
1;12300;AMETHYSTS;9996;1;9995;24;;;10002;3;10004;1;10005;24;9999.0;184.0
1;12400;STARFRUIT;5054;29;;;;;5061;29;;;;;5057.5;63.5625
1;12400;AMETHYSTS;10002;1;9998;5;9995;29;10005;29;;;;;10003.5;184.0
1;12500;AMETHYSTS;10000;3;9996;1;9995;22;10004;1;10005;22;;;10002.0;186.0
1;12500;STARFRUIT;5056;3;5054;1;5053;22;5060;1;5061;22;;;5058.0;59.90625
1;12600;STARFRUIT;5056;4;5053;26;;;5060;26;;;;;5058.0;49.609375
1;12600;AMETHYSTS;10000;4;9995;26;;;10005;26;;;;;10002.5;186.0
1;12700;STARFRUIT;5054;1;5053;27;;;5060;28;;;;;5057.0;56.0625
1;12700;AMETHYSTS;10002;1;9996;1;9995;27;10004;1;10005;27;;;10003.0;186.0
1;12800;STARFRUIT;5057;4;5054;30;;;5060;2;5061;28;;;5058.5;62.5390625
1;12800;AMETHYSTS;10000;4;9996;2;9995;28;10002;9;10004;2;10005;28;10001.0;188.0
1;12900;AMETHYSTS;9996;2;9995;21;;;10002;4;10004;2;10005;21;9999.0;188.0
1;12900;STARFRUIT;5054;23;;;;;5059;2;5061;23;;;5056.5;65.9765625
1;13000;STARFRUIT;5054;32;;;;;5061;32;;;;;5057.5;73.4296875
1;13000;AMETHYSTS;9996;2;9995;30;;;10002;2;10004;2;10005;30;9999.0;188.0
1;13100;STARFRUIT;5054;21;;;;;5057;2;5061;21;;;5055.5;64.328125
1;13100;AMETHYSTS;9995;21;;;;;10000;2;10005;21;;;9997.5;188.0
1;13200;STARFRUIT;5059;1;5055;7;5054;31;5060;2;5061;29;;;5059.5;61.6015625
1;13200;AMETHYSTS;9998;9;9996;2;9995;29;10004;2;10005;29;;;10001.0;188.0
1;13300;AMETHYSTS;10002;2;9996;1;9995;22;10004;1;10005;22;;;10003.0;188.0
1;13300;STARFRUIT;5054;1;5053;22;;;5060;1;5061;22;;;5057.0;60.375
1;13400;STARFRUIT;5053;26;;;;;5060;26;;;;;5056.5;54.2890625
1;13400;AMETHYSTS;9995;26;;;;;10005;26;;;;;10000.0;192.0
1;13500;STARFRUIT;5053;25;;;;;5060;25;;;;;5056.5;44.546875
1;13500;AMETHYSTS;9996;1;9995;24;;;10004;1;10005;24;;;10000.0;192.0
1;13600;STARFRUIT;5052;26;;;;;5057;3;5059;26;;;5054.5;31.9375
1;13600;AMETHYSTS;9996;2;9995;24;;;10002;6;10004;2;10005;24;9999.0;192.0
1;13700;AMETHYSTS;10002;1;9995;28;;;10005;28;;;;;10003.5;192.0
1;13700;STARFRUIT;5052;28;;;;;5059;28;;;;;5055.5;37.75
1;13800;STARFRUIT;5052;23;;;;;5059;23;;;;;5055.5;38.015625
1;13800;AMETHYSTS;9998;1;9995;23;;;10005;23;;;;;10001.5;194.0
1;13900;STARFRUIT;5053;21;;;;;5054;3;5059;1;5060;20;5053.5;44.3359375
1;13900;AMETHYSTS;9996;1;9995;20;;;10004;1;10005;20;;;10000.0;194.0
1;14000;STARFRUIT;5054;2;5053;29;;;5059;1;5060;28;;;5056.5;41.6015625
1;14000;AMETHYSTS;10002;6;9998;1;9996;1;10004;1;10005;28;;;10003.0;194.0
1;14100;AMETHYSTS;9996;2;9995;20;;;10002;4;10004;2;10005;20;9999.0;206.0
1;14100;STARFRUIT;5053;22;;;;;5060;22;;;;;5056.5;48.2734375
1;14200;STARFRUIT;5053;21;;;;;5060;21;;;;;5056.5;48.9375
1;14200;AMETHYSTS;9995;21;;;;;10005;21;;;;;10000.0;206.0
1;14300;STARFRUIT;5054;22;;;;;5061;22;;;;;5057.5;70.375
1;14300;AMETHYSTS;9996;1;9995;21;;;10004;1;10005;21;;;10000.0;206.0
1;14400;AMETHYSTS;10002;4;9996;2;9995;21;10004;2;10005;21;;;10003.0;206.0
1;14400;STARFRUIT;5055;1;5054;21;;;5061;23;;;;;5058.0;78.3125
1;14500;STARFRUIT;5055;1;5054;28;;;5059;6;5061;29;;;5057.0;78.9140625
1;14500;AMETHYSTS;9996;1;9995;28;;;10002;10;10004;1;10005;28;9999.0;206.0
1;14600;STARFRUIT;5055;28;;;;;5057;3;5062;28;;;5056.0;92.3046875
1;14600;AMETHYSTS;9996;1;9995;27;;;10004;1;10005;27;;;10000.0;206.0
1;14700;STARFRUIT;5055;1;5054;23;;;5059;2;5061;24;;;5057.0;78.828125
1;14700;AMETHYSTS;9996;1;9995;23;;;10004;1;10005;23;;;10000.0;206.0
1;14800;AMETHYSTS;9996;1;9995;30;;;9998;1;10004;1;10005;30;9997.0;206.0
1;14800;STARFRUIT;5054;31;;;;;5059;3;5061;31;;;5056.5;69.46875
1;14900;STARFRUIT;5059;4;5055;26;;;5061;1;5062;25;;;5060.0;81.7265625
1;14900;AMETHYSTS;9996;1;9995;25;;;10002;1;10004;1;10005;25;9999.0;208.0
1;15000;STARFRUIT;5056;4;5055;27;;;5061;2;5062;25;;;5058.5;82.0
1;15000;AMETHYSTS;9996;2;9995;25;;;10004;2;10005;25;;;10000.0;208.0
1;15100;STARFRUIT;5054;21;;;;;5061;21;;;;;5057.5;72.7421875
1;15100;AMETHYSTS;9996;1;9995;20;;;9998;1;10004;1;10005;20;9997.0;208.0
1;15200;AMETHYSTS;10000;4;9996;2;9995;21;10002;4;10004;2;10005;21;10001.0;210.0
1;15200;STARFRUIT;5057;4;5055;4;5054;23;5061;23;;;;;5059.0;72.8515625
1;15300;STARFRUIT;5055;2;5054;22;;;5059;6;5061;24;;;5057.0;77.296875
1;15300;AMETHYSTS;9996;2;9995;22;;;10002;7;10004;2;10005;22;9999.0;210.0
1;15400;STARFRUIT;5054;30;;;;;5061;30;;;;;5057.5;72.4375
1;15400;AMETHYSTS;9995;30;;;;;10005;30;;;;;10000.0;210.0
1;15500;STARFRUIT;5055;25;;;;;5062;25;;;;;5058.5;88.421875
1;15500;AMETHYSTS;9995;25;;;;;9998;11;10005;25;;;9996.5;210.0
1;15600;AMETHYSTS;9996;1;9995;22;;;10004;1;10005;22;;;10000.0;232.0
1;15600;STARFRUIT;5055;23;;;;;5062;23;;;;;5058.5;92.453125
1;15700;STARFRUIT;5056;2;5055;28;;;5061;1;5062;2;5063;28;5058.5;100.59375
1;15700;AMETHYSTS;9996;2;9995;28;;;10004;2;10005;28;;;10000.0;232.0
1;15800;STARFRUIT;5057;4;5056;28;;;5062;2;5063;26;;;5059.5;103.9921875
1;15800;AMETHYSTS;9998;6;9996;2;9995;26;10004;2;10005;26;;;10001.0;232.0
1;15900;STARFRUIT;5055;21;;;;;5057;3;5062;21;;;5056.0;90.890625
1;15900;AMETHYSTS;9996;1;9995;20;;;10002;8;10004;1;10005;20;9999.0;232.0
1;16000;AMETHYSTS;9996;2;9995;20;;;10004;2;10005;20;;;10000.0;232.0
1;16000;STARFRUIT;5056;2;5055;20;;;5061;4;5062;2;5063;20;5058.5;99.9609375
1;16100;STARFRUIT;5056;1;5055;26;;;5057;2;5061;8;5062;1;5056.5;100.6953125
1;16100;AMETHYSTS;9996;1;9995;26;;;10004;1;10005;26;;;10000.0;232.0
1;16200;STARFRUIT;5056;26;;;;;5063;27;;;;;5059.5;105.0
1;16200;AMETHYSTS;9995;27;;;;;10002;4;10005;27;;;9998.5;232.0
1;16300;STARFRUIT;5056;22;;;;;5062;1;5063;21;;;5059.0;103.71875
1;16300;AMETHYSTS;9996;1;9995;21;;;10004;1;10005;21;;;10000.0;232.0
1;16400;AMETHYSTS;9996;2;9995;25;;;10002;6;10004;2;10005;25;9999.0;236.0
1;16400;STARFRUIT;5056;27;;;;;5061;7;5063;27;;;5058.5;105.671875
1;16500;STARFRUIT;5055;22;;;;;5060;1;5062;22;;;5057.5;93.484375
1;16500;AMETHYSTS;9995;22;;;;;10005;22;;;;;10000.0;236.0
1;16600;AMETHYSTS;9995;26;;;;;10005;26;;;;;10000.0;236.0
1;16600;STARFRUIT;5056;7;5055;26;;;5062;26;;;;;5059.0;94.0234375
1;16700;AMETHYSTS;10002;1;9998;2;9995;25;10005;25;;;;;10003.5;236.0
1;16700;STARFRUIT;5055;25;;;;;5062;25;;;;;5058.5;91.578125
1;16800;AMETHYSTS;10000;2;9996;2;9995;25;10004;2;10005;25;;;10002.0;238.0
1;16800;STARFRUIT;5058;2;5055;27;;;5062;27;;;;;5060.0;89.25
1;16900;STARFRUIT;5055;24;;;;;5061;2;5062;22;;;5058.0;81.7109375
1;16900;AMETHYSTS;9996;2;9995;22;;;10004;2;10005;22;;;10000.0;238.0
1;17000;AMETHYSTS;9996;1;9995;25;;;10004;1;10005;25;;;10000.0;238.0
1;17000;STARFRUIT;5055;1;5054;26;;;5061;26;;;;;5058.0;74.171875
1;17100;AMETHYSTS;9996;1;9995;26;;;10004;1;10005;26;;;10000.0;238.0
1;17100;STARFRUIT;5055;1;5054;26;;;5061;27;;;;;5058.0;75.8203125
1;17200;AMETHYSTS;9996;1;9995;27;;;10004;1;10005;27;;;10000.0;238.0
1;17200;STARFRUIT;5055;5;5054;28;;;5061;28;;;;;5058.0;69.046875
1;17300;STARFRUIT;5054;28;;;;;5059;6;5061;28;;;5056.5;66.640625
1;17300;AMETHYSTS;9996;1;9995;27;;;10004;1;10005;27;;;10000.0;238.0
1;17400;AMETHYSTS;9995;25;;;;;9998;11;10005;25;;;9996.5;238.0
1;17400;STARFRUIT;5058;3;5055;2;5054;25;5061;25;;;;;5059.5;62.1171875
1;17500;AMETHYSTS;9996;2;9995;26;;;10004;2;10005;26;;;10000.0;260.0
1;17500;STARFRUIT;5054;28;;;;;5061;28;;;;;5057.5;65.328125
1;17600;AMETHYSTS;9996;1;9995;29;;;10004;1;10005;29;;;10000.0;260.0
1;17600;STARFRUIT;5054;4;5053;29;;;5060;30;;;;;5057.0;57.6875
1;17700;STARFRUIT;5053;22;;;;;5060;22;;;;;5056.5;51.7109375
1;17700;AMETHYSTS;9998;2;9995;22;;;10005;22;;;;;10001.5;260.0
1;17800;AMETHYSTS;9996;2;9995;30;;;9998;3;10002;5;10004;2;9997.0;260.0
1;17800;STARFRUIT;5053;2;5052;30;;;5057;5;5059;32;;;5055.0;38.765625
1;17900;AMETHYSTS;9995;21;;;;;9998;1;10002;3;10005;21;9996.5;266.0
1;17900;STARFRUIT;5058;1;5055;2;5052;21;5059;21;;;;;5058.5;32.3125
1;18000;AMETHYSTS;9995;24;;;;;10005;24;;;;;10000.0;268.0
1;18000;STARFRUIT;5052;24;;;;;5059;24;;;;;5055.5;32.1953125
1;18100;STARFRUIT;5052;30;;;;;5059;30;;;;;5055.5;30.640625
1;18100;AMETHYSTS;9996;2;9995;28;;;10004;2;10005;28;;;10000.0;268.0
1;18200;AMETHYSTS;9996;2;9995;23;;;10002;10;10004;2;10005;23;9999.0;268.0
1;18200;STARFRUIT;5052;2;5051;23;;;5058;2;5059;23;;;5055.0;20.265625
1;18300;AMETHYSTS;9995;20;;;;;10005;20;;;;;10000.0;268.0
1;18300;STARFRUIT;5051;20;;;;;5058;20;;;;;5054.5;17.1953125
1;18400;AMETHYSTS;9996;1;9995;21;;;10004;1;10005;21;;;10000.0;268.0
1;18400;STARFRUIT;5058;1;5052;22;;;5059;22;;;;;5058.5;32.390625
1;18500;STARFRUIT;5053;2;5052;21;;;5054;1;5059;23;;;5053.5;38.1328125
1;18500;AMETHYSTS;9996;2;9995;21;;;10004;2;10005;21;;;10000.0;268.0
1;18600;AMETHYSTS;9996;1;9995;21;;;10004;1;10005;21;;;10000.0;268.0
1;18600;STARFRUIT;5052;21;;;;;5053;8;5059;22;;;5052.5;36.25
1;18700;AMETHYSTS;10002;1;9995;30;;;10005;30;;;;;10003.5;268.0
1;18700;STARFRUIT;5052;30;;;;;5059;30;;;;;5055.5;31.5234375
1;18800;STARFRUIT;5052;24;;;;;5059;24;;;;;5055.5;28.984375
1;18800;AMETHYSTS;9995;24;;;;;10002;7;10005;24;;;9998.5;270.0
1;18900;STARFRUIT;5053;7;5052;25;;;5059;25;;;;;5056.0;22.0234375
1;18900;AMETHYSTS;10002;1;9995;25;;;10005;25;;;;;10003.5;270.0
1;19000;STARFRUIT;5052;31;;;;;5058;1;5059;30;;;5055.0;22.75
1;19000;AMETHYSTS;9996;1;9995;30;;;10004;1;10005;30;;;10000.0;272.0
1;19100;AMETHYSTS;9996;2;9995;21;;;10004;2;10005;21;;;10000.0;272.0
1;19100;STARFRUIT;5052;23;;;;;5059;23;;;;;5055.5;33.8671875
1;19200;STARFRUIT;5052;26;;;;;5059;26;;;;;5055.5;28.859375
1;19200;AMETHYSTS;9995;26;;;;;10002;1;10005;26;;;9998.5;272.0
1;19300;STARFRUIT;5052;25;;;;;5059;25;;;;;5055.5;29.21875
1;19300;AMETHYSTS;9996;2;9995;23;;;9998;6;10004;2;10005;23;9997.0;272.0
1;19400;STARFRUIT;5053;26;;;;;5059;2;5060;24;;;5056.0;42.75
1;19400;AMETHYSTS;9996;2;9995;24;;;10002;5;10004;2;10005;24;9999.0;284.0
1;19500;AMETHYSTS;9995;23;;;;;10005;23;;;;;10000.0;284.0
1;19500;STARFRUIT;5053;23;;;;;5060;23;;;;;5056.5;44.7734375
1;19600;STARFRUIT;5053;27;;;;;5060;27;;;;;5056.5;48.96875
1;19600;AMETHYSTS;10002;1;9998;5;9996;1;10004;1;10005;26;;;10003.0;284.0
1;19700;STARFRUIT;5054;31;;;;;5061;31;;;;;5057.5;64.7265625
1;19700;AMETHYSTS;9996;2;9995;29;;;10004;2;10005;29;;;10000.0;286.0
1;19800;STARFRUIT;5054;28;;;;;5061;28;;;;;5057.5;67.1015625
1;19800;AMETHYSTS;9996;2;9995;26;;;10004;2;10005;26;;;10000.0;286.0
1;19900;AMETHYSTS;9996;1;9995;22;;;9998;1;10004;1;10005;22;9997.0;286.0
1;19900;STARFRUIT;5054;1;5053;22;;;5060;1;5061;22;;;5057.0;60.0
1;20000;STARFRUIT;5053;26;;;;;5059;4;5061;26;;;5056.0;59.9921875
1;20000;AMETHYSTS;9995;26;;;;;9998;1;10005;26;;;9996.5;288.0
1;20100;STARFRUIT;5054;30;;;;;5059;4;5061;30;;;5056.5;71.140625
1;20100;AMETHYSTS;9996;1;9995;29;;;9998;4;10004;1;10005;29;9997.0;290.0
1;20200;STARFRUIT;5054;20;;;;;5061;20;;;;;5057.5;73.6328125
1;20200;AMETHYSTS;10002;1;9995;20;;;10005;20;;;;;10003.5;290.0
1;20300;AMETHYSTS;10002;4;9995;24;;;10005;24;;;;;10003.5;292.0
1;20300;STARFRUIT;5055;24;;;;;5062;24;;;;;5058.5;86.421875
1;20400;STARFRUIT;5055;28;;;;;5057;3;5062;28;;;5056.0;91.234375
1;20400;AMETHYSTS;10002;2;9996;1;9995;27;10004;1;10005;27;;;10003.0;300.0
1;20500;STARFRUIT;5055;25;;;;;5056;7;5062;26;;;5055.5;97.375
1;20500;AMETHYSTS;9998;7;9996;1;9995;25;10004;1;10005;25;;;10001.0;304.0
1;20600;STARFRUIT;5056;1;5055;24;;;5062;25;;;;;5059.0;96.9453125
1;20600;AMETHYSTS;9996;1;9995;24;;;9998;4;10002;5;10004;1;9997.0;304.0
1;20700;AMETHYSTS;9995;30;;;;;10005;30;;;;;10000.0;312.0
1;20700;STARFRUIT;5060;2;5056;3;5055;30;5062;30;;;;;5061.0;93.546875
1;20800;STARFRUIT;5055;26;;;;;5062;26;;;;;5058.5;92.53125
1;20800;AMETHYSTS;9996;2;9995;24;;;10004;2;10005;24;;;10000.0;312.0
1;20900;STARFRUIT;5055;30;;;;;5062;31;;;;;5058.5;86.859375
1;20900;AMETHYSTS;9996;2;9995;29;;;10004;2;10005;29;;;10000.0;312.0
1;21000;STARFRUIT;5055;26;;;;;5061;1;5062;25;;;5058.0;80.7109375
1;21000;AMETHYSTS;9996;1;9995;25;;;10004;1;10005;25;;;10000.0;312.0
1;21100;AMETHYSTS;9995;28;;;;;10000;2;10005;28;;;9997.5;312.0
1;21100;STARFRUIT;5054;28;;;;;5057;2;5061;28;;;5055.5;76.6328125
1;21200;STARFRUIT;5060;1;5055;29;;;5062;29;;;;;5061.0;82.546875
1;21200;AMETHYSTS;9995;29;;;;;9998;1;10005;29;;;9996.5;312.0
1;21300;STARFRUIT;5054;22;;;;;5060;2;5062;22;;;5057.0;80.25
1;21300;AMETHYSTS;9995;22;;;;;10005;22;;;;;10000.0;314.0
1;21400;STARFRUIT;5055;30;;;;;5061;1;5062;29;;;5058.0;80.953125
1;21400;AMETHYSTS;9996;1;9995;29;;;10004;1;10005;29;;;10000.0;314.0
1;21500;AMETHYSTS;9996;2;9995;28;;;10004;2;10005;28;;;10000.0;314.0
1;21500;STARFRUIT;5055;28;;;;;5056;5;5062;30;;;5055.5;96.28125
1;21600;STARFRUIT;5056;2;5055;20;;;5062;22;;;;;5059.0;96.109375
1;21600;AMETHYSTS;9998;5;9996;2;9995;20;10004;2;10005;20;;;10001.0;314.0
1;21700;STARFRUIT;5057;4;5056;27;;;5062;2;5063;25;;;5059.5;101.6484375
1;21700;AMETHYSTS;9996;2;9995;25;;;10004;2;10005;25;;;10000.0;314.0
1;21800;STARFRUIT;5056;26;;;;;5062;1;5063;25;;;5059.0;102.8046875
1;21800;AMETHYSTS;9996;1;9995;25;;;10004;1;10005;25;;;10000.0;314.0
1;21900;AMETHYSTS;9995;27;;;;;10002;3;10005;27;;;9998.5;314.0
1;21900;STARFRUIT;5056;27;;;;;5063;27;;;;;5059.5;117.109375
1;22000;STARFRUIT;5057;2;5056;20;;;5063;22;;;;;5060.0;116.59375
1;22000;AMETHYSTS;9996;2;9995;20;;;10004;2;10005;20;;;10000.0;314.0
1;22100;STARFRUIT;5056;22;;;;;5061;4;5063;22;;;5058.5;110.75
1;22100;AMETHYSTS;9995;22;;;;;10005;22;;;;;10000.0;314.0
1;22200;STARFRUIT;5057;3;5056;23;;;5063;23;;;;;5060.0;117.5703125
1;22200;AMETHYSTS;10002;1;9995;23;;;10005;23;;;;;10003.5;314.0
1;22300;AMETHYSTS;9996;2;9995;28;;;10004;2;10005;28;;;10000.0;316.0
1;22300;STARFRUIT;5057;30;;;;;5064;30;;;;;5060.5;124.65625
1;22400;STARFRUIT;5057;24;;;;;5064;24;;;;;5060.5;125.7734375
1;22400;AMETHYSTS;9996;1;9995;23;;;10002;2;10004;1;10005;23;9999.0;316.0
1;22500;STARFRUIT;5062;1;5057;27;;;5064;27;;;;;5063.0;128.5625
1;22500;AMETHYSTS;9998;2;9995;27;;;10005;27;;;;;10001.5;316.0
1;22600;STARFRUIT;5063;1;5062;4;5058;4;5064;26;;;;;5063.5;134.265625
1;22600;AMETHYSTS;9998;5;9996;1;9995;25;10004;1;10005;25;;;10001.0;316.0
1;22700;AMETHYSTS;9996;1;9995;25;;;10002;9;10004;1;10005;25;9999.0;316.0
1;22700;STARFRUIT;5058;1;5057;25;;;5064;26;;;;;5061.0;136.578125
1;22800;STARFRUIT;5058;27;;;;;5065;27;;;;;5061.5;148.109375
1;22800;AMETHYSTS;10002;1;9996;1;9995;26;10004;1;10005;26;;;10003.0;316.0
1;22900;STARFRUIT;5057;22;;;;;5062;4;5064;23;;;5059.5;138.140625
1;22900;AMETHYSTS;10002;2;9996;1;9995;22;10004;1;10005;22;;;10003.0;322.0
1;23000;STARFRUIT;5064;1;5058;21;;;5065;21;;;;;5064.5;150.0859375
1;23000;AMETHYSTS;9996;1;9995;20;;;10002;2;10004;1;10005;20;9999.0;326.0
1;23100;STARFRUIT;5059;7;5058;28;;;5064;2;5065;26;;;5061.5;141.7109375
1;23100;AMETHYSTS;9996;2;9995;26;;;10004;2;10005;26;;;10000.0;326.0
1;23200;STARFRUIT;5059;1;5058;25;;;5065;25;;;;;5062.0;147.15625
1;23200;AMETHYSTS;9996;1;9995;24;;;10002;4;10004;1;10005;24;9999.0;326.0
1;23300;STARFRUIT;5059;2;5058;21;;;5065;23;;;;;5062.0;157.8203125
1;23300;AMETHYSTS;9996;2;9995;21;;;10004;2;10005;21;;;10000.0;326.0
1;23400;AMETHYSTS;9996;1;9995;29;;;10004;1;10005;29;;;10000.0;326.0
1;23400;STARFRUIT;5059;1;5058;29;;;5065;1;5066;29;;;5062.0;160.5546875
1;23500;STARFRUIT;5060;3;5059;31;;;5066;31;;;;;5063.0;171.9453125
1;23500;AMETHYSTS;9996;1;9995;30;;;10004;1;10005;30;;;10000.0;326.0
1;23600;STARFRUIT;5059;26;;;;;5066;27;;;;;5062.5;168.6640625
1;23600;AMETHYSTS;9996;2;9995;25;;;10004;2;10005;25;;;10000.0;326.0
1;23700;STARFRUIT;5064;1;5059;21;;;5065;1;5066;20;;;5064.5;164.1484375
1;23700;AMETHYSTS;9996;1;9995;20;;;10004;1;10005;20;;;10000.0;326.0
1;23800;AMETHYSTS;9995;22;;;;;10005;22;;;;;10000.0;326.0
1;23800;STARFRUIT;5059;22;;;;;5066;22;;;;;5062.5;163.328125
1;23900;STARFRUIT;5059;27;;;;;5066;27;;;;;5062.5;166.734375
1;23900;AMETHYSTS;9995;27;;;;;10005;27;;;;;10000.0;326.0
1;24000;STARFRUIT;5060;6;5059;29;;;5066;29;;;;;5063.0;167.2265625
1;24000;AMETHYSTS;9995;29;;;;;10005;29;;;;;10000.0;326.0
1;24100;STARFRUIT;5059;22;;;;;5065;2;5066;20;;;5062.0;162.96875
1;24100;AMETHYSTS;9996;2;9995;20;;;10004;2;10005;20;;;10000.0;326.0
1;24200;AMETHYSTS;9996;1;9995;23;;;10002;7;10004;1;10005;23;9999.0;326.0
1;24200;STARFRUIT;5059;24;;;;;5064;8;5065;1;5066;23;5061.5;163.8671875
1;24300;STARFRUIT;5059;27;;;;;5060;1;5064;5;5066;27;5059.5;172.46875
1;24300;AMETHYSTS;10002;1;9995;27;;;10005;27;;;;;10003.5;326.0
1;24400;STARFRUIT;5060;8;5059;29;;;5066;29;;;;;5063.0;173.0390625
1;24400;AMETHYSTS;9996;1;9995;28;;;10004;1;10005;28;;;10000.0;328.0
1;24500;STARFRUIT;5059;2;5058;24;;;5065;26;;;;;5062.0;158.84375
1;24500;AMETHYSTS;9996;2;9995;24;;;10002;10;10004;2;10005;24;9999.0;328.0
1;24600;AMETHYSTS;9996;2;9995;22;;;10002;10;10004;2;10005;22;9999.0;328.0
1;24600;STARFRUIT;5058;24;;;;;5065;24;;;;;5061.5;151.140625
1;24700;STARFRUIT;5058;22;;;;;5065;22;;;;;5061.5;149.0546875
1;24700;AMETHYSTS;9996;2;9995;20;;;10004;2;10005;20;;;10000.0;328.0
1;24800;STARFRUIT;5058;28;;;;;5065;28;;;;;5061.5;158.78125
1;24800;AMETHYSTS;9995;28;;;;;10005;28;;;;;10000.0;328.0
1;24900;STARFRUIT;5059;24;;;;;5066;24;;;;;5062.5;162.5078125
1;24900;AMETHYSTS;9998;7;9995;24;;;10005;24;;;;;10001.5;328.0
1;25000;AMETHYSTS;10002;1;9996;1;9995;27;10004;1;10005;27;;;10003.0;328.0
1;25000;STARFRUIT;5059;1;5058;27;;;5065;28;;;;;5062.0;158.5234375
1;25100;STARFRUIT;5058;27;;;;;5065;27;;;;;5061.5;151.921875
1;25100;AMETHYSTS;9998;8;9996;1;9995;26;10004;1;10005;26;;;10001.0;330.0
1;25200;AMETHYSTS;9996;2;9995;24;;;10000;4;10004;2;10005;24;9998.0;330.0
1;25200;STARFRUIT;5060;6;5059;26;;;5062;4;5066;26;;;5061.0;165.28125
1;25300;AMETHYSTS;9998;9;9996;1;9995;21;10004;1;10005;21;;;10001.0;330.0
1;25300;STARFRUIT;5059;1;5058;21;;;5065;22;;;;;5062.0;156.0078125
1;25400;AMETHYSTS;10002;3;9996;2;9995;27;10004;2;10005;27;;;10003.0;330.0
1;25400;STARFRUIT;5059;29;;;;;5066;29;;;;;5062.5;166.6484375
1;25500;STARFRUIT;5059;1;5058;23;;;5064;6;5065;1;5066;23;5061.5;159.984375
1;25500;AMETHYSTS;9996;1;9995;23;;;10004;1;10005;23;;;10000.0;336.0
1;25600;AMETHYSTS;9995;24;;;;;10005;24;;;;;10000.0;336.0
1;25600;STARFRUIT;5059;24;;;;;5064;6;5066;24;;;5061.5;166.7890625
1;25700;AMETHYSTS;9996;1;9995;24;;;10004;1;10005;24;;;10000.0;336.0
1;25700;STARFRUIT;5059;1;5058;24;;;5065;25;;;;;5062.0;158.3515625
1;25800;AMETHYSTS;10002;1;9996;2;9995;27;10004;2;10005;27;;;10003.0;336.0
1;25800;STARFRUIT;5059;29;;;;;5066;29;;;;;5062.5;169.796875
1;25900;STARFRUIT;5059;29;;;;;5065;2;5066;27;;;5062.0;162.0703125
1;25900;AMETHYSTS;9996;2;9995;27;;;10004;2;10005;27;;;10000.0;338.0
1;26000;AMETHYSTS;9995;27;;;;;10005;27;;;;;10000.0;338.0
1;26000;STARFRUIT;5065;1;5059;27;;;5066;27;;;;;5065.5;178.7890625
1;26100;AMETHYSTS;10002;1;9998;3;9996;1;10004;1;10005;24;;;10003.0;338.0
1;26100;STARFRUIT;5065;1;5061;2;5060;25;5066;1;5067;24;;;5065.5;183.15625
1;26200;AMETHYSTS;10002;1;9996;2;9995;27;10004;2;10005;27;;;10003.0;340.0
1;26200;STARFRUIT;5059;29;;;;;5066;29;;;;;5062.5;169.640625
1;26300;STARFRUIT;5059;25;;;;;5066;26;;;;;5062.5;177.75
1;26300;AMETHYSTS;9996;1;9995;25;;;10002;1;10004;1;10005;25;9999.0;342.0
1;26400;AMETHYSTS;9995;27;;;;;10005;27;;;;;10000.0;342.0
1;26400;STARFRUIT;5059;27;;;;;5066;27;;;;;5062.5;171.203125
1;26500;AMETHYSTS;9996;1;9995;21;;;10004;1;10005;21;;;10000.0;342.0
1;26500;STARFRUIT;5059;22;;;;;5065;1;5066;21;;;5062.0;163.78125
1;26600;AMETHYSTS;9996;2;9995;29;;;9998;4;10004;2;10005;29;9997.0;342.0
1;26600;STARFRUIT;5058;31;;;;;5065;31;;;;;5061.5;149.234375
1;26700;STARFRUIT;5064;1;5059;8;5058;26;5066;26;;;;;5065.0;160.109375
1;26700;AMETHYSTS;9995;26;;;;;10005;26;;;;;10000.0;350.0
1;26800;AMETHYSTS;10002;1;9998;7;9995;20;10005;20;;;;;10003.5;350.0
1;26800;STARFRUIT;5059;20;;;;;5066;20;;;;;5062.5;162.5078125
1;26900;AMETHYSTS;9995;22;;;;;10005;22;;;;;10000.0;352.0
1;26900;STARFRUIT;5058;22;;;;;5065;22;;;;;5061.5;157.3828125
1;27000;AMETHYSTS;9998;2;9996;1;9995;26;10004;1;10005;26;;;10001.0;352.0
1;27000;STARFRUIT;5059;27;;;;;5064;6;5066;27;;;5061.5;166.15625
1;27100;STARFRUIT;5065;1;5059;29;;;5066;29;;;;;5065.5;170.1640625
1;27100;AMETHYSTS;9996;2;9995;27;;;9998;1;10002;10;10004;2;9997.0;352.0
1;27200;AMETHYSTS;9998;3;9996;2;9995;23;10004;2;10005;23;;;10001.0;354.0
1;27200;STARFRUIT;5063;1;5059;7;5058;25;5065;25;;;;;5064.0;148.734375
1;27300;AMETHYSTS;9995;25;;;;;10002;8;10005;25;;;9998.5;354.0
1;27300;STARFRUIT;5057;25;;;;;5058;1;5064;25;;;5057.5;133.96875
1;27400;AMETHYSTS;9996;1;9995;22;;;9998;3;10004;1;10005;22;9997.0;354.0
1;27400;STARFRUIT;5061;6;5058;23;;;5064;1;5065;22;;;5062.5;143.9375
1;27500;STARFRUIT;5058;30;;;;;5065;30;;;;;5061.5;141.5234375
1;27500;AMETHYSTS;9995;30;;;;;10005;30;;;;;10000.0;360.0
1;27600;STARFRUIT;5063;1;5058;8;5057;26;5064;28;;;;;5063.5;137.375
1;27600;AMETHYSTS;9996;2;9995;26;;;10002;4;10004;2;10005;26;9999.0;360.0
1;27700;AMETHYSTS;9996;2;9995;30;;;10004;2;10005;30;;;10000.0;360.0
1;27700;STARFRUIT;5057;32;;;;;5064;32;;;;;5060.5;126.125
1;27800;STARFRUIT;5057;5;5056;22;;;5063;22;;;;;5060.0;111.46875
1;27800;AMETHYSTS;9998;2;9996;2;9995;20;10004;2;10005;20;;;10001.0;360.0
1;27900;STARFRUIT;5056;29;;;;;5061;8;5063;29;;;5058.5;103.421875
1;27900;AMETHYSTS;9995;29;;;;;10005;29;;;;;10000.0;360.0
1;28000;STARFRUIT;5056;4;5055;22;;;5063;22;;;;;5059.5;99.8359375
1;28000;AMETHYSTS;9995;22;;;;;10005;22;;;;;10000.0;360.0
1;28100;AMETHYSTS;9996;1;9995;20;;;10004;1;10005;20;;;10000.0;360.0
1;28100;STARFRUIT;5056;21;;;;;5062;1;5063;20;;;5059.0;103.171875
1;28200;STARFRUIT;5056;23;;;;;5063;23;;;;;5059.5;111.09375
1;28200;AMETHYSTS;9995;23;;;;;10005;23;;;;;10000.0;368.0
1;28300;STARFRUIT;5056;30;;;;;5063;30;;;;;5059.5;110.9375
1;28300;AMETHYSTS;9996;2;9995;28;;;10004;2;10005;28;;;10000.0;368.0
1;28400;STARFRUIT;5056;20;;;;;5063;20;;;;;5059.5;108.9921875
1;28400;AMETHYSTS;9995;20;;;;;10002;8;10005;20;;;9998.5;368.0
1;28500;AMETHYSTS;9996;2;9995;28;;;10004;2;10005;28;;;10000.0;368.0
1;28500;STARFRUIT;5056;5;5055;28;;;5062;30;;;;;5059.0;97.5859375
1;28600;STARFRUIT;5055;27;;;;;5058;5;5062;28;;;5056.5;89.828125
1;28600;AMETHYSTS;9996;2;9995;26;;;10000;5;10002;5;10004;2;9998.0;368.0
1;28700;STARFRUIT;5055;24;;;;;5056;1;5062;24;;;5055.5;95.1171875
1;28700;AMETHYSTS;9998;8;9996;2;9995;22;10004;2;10005;22;;;10001.0;368.0
1;28800;STARFRUIT;5055;21;;;;;5062;21;;;;;5058.5;95.7421875
1;28800;AMETHYSTS;9995;21;;;;;10002;8;10005;21;;;9998.5;368.0
1;28900;AMETHYSTS;9996;1;9995;22;;;10002;5;10004;1;10005;22;9999.0;368.0
1;28900;STARFRUIT;5056;1;5055;23;;;5062;23;;;;;5059.0;92.7734375
1;29000;STARFRUIT;5056;2;5055;24;;;5062;2;5063;24;;;5059.0;100.5625
1;29000;AMETHYSTS;10002;1;9996;2;9995;24;10004;2;10005;24;;;10003.0;368.0
1;29100;STARFRUIT;5055;23;;;;;5062;23;;;;;5058.5;90.453125
1;29100;AMETHYSTS;9995;23;;;;;10002;2;10005;23;;;9998.5;370.0
1;29200;STARFRUIT;5056;23;;;;;5062;1;5063;22;;;5059.0;101.03125
1;29200;AMETHYSTS;9996;1;9995;22;;;10004;1;10005;22;;;10000.0;370.0
1;29300;AMETHYSTS;9996;1;9995;22;;;10004;1;10005;22;;;10000.0;370.0
1;29300;STARFRUIT;5057;23;;;;;5063;1;5064;22;;;5060.0;121.984375
1;29400;STARFRUIT;5057;2;5056;23;;;5063;25;;;;;5060.0;116.5
1;29400;AMETHYSTS;9996;2;9995;23;;;10002;4;10004;2;10005;23;9999.0;370.0
1;29500;STARFRUIT;5056;19;;;;;5063;20;;;;;5059.5;109.109375
1;29500;AMETHYSTS;9998;6;9995;20;;;10005;20;;;;;10001.5;370.0
1;29600;STARFRUIT;5055;27;;;;;5058;4;5062;27;;;5056.5;90.828125
1;29600;AMETHYSTS;9996;1;9995;26;;;10000;4;10004;1;10005;26;9998.0;370.0
1;29700;AMETHYSTS;9996;1;9995;22;;;10002;7;10004;1;10005;22;9999.0;370.0
1;29700;STARFRUIT;5055;23;;;;;5060;8;5062;23;;;5057.5;86.4140625
1;29800;STARFRUIT;5061;1;5056;4;5055;25;5062;25;;;;;5061.5;95.34375
1;29800;AMETHYSTS;9995;25;;;;;10005;25;;;;;10000.0;370.0
1;29900;STARFRUIT;5056;2;5055;30;;;5062;32;;;;;5059.0;99.296875
1;29900;AMETHYSTS;9996;2;9995;30;;;10004;2;10005;30;;;10000.0;390.0
1;30000;STARFRUIT;5057;4;5056;25;;;5063;25;;;;;5060.0;105.78125
1;30000;AMETHYSTS;9998;10;9996;2;9995;23;10004;2;10005;23;;;10001.0;390.0
1;30100;AMETHYSTS;9996;1;9995;20;;;10004;1;10005;20;;;10000.0;390.0
1;30100;STARFRUIT;5056;21;;;;;5063;21;;;;;5059.5;107.8125
1;30200;STARFRUIT;5057;2;5056;28;;;5063;2;5064;28;;;5060.0;119.703125
1;30200;AMETHYSTS;9996;2;9995;28;;;9998;1;10002;8;10004;2;9997.0;390.0
1;30300;STARFRUIT;5057;31;;;;;5062;1;5064;31;;;5059.5;125.8515625
1;30300;AMETHYSTS;10002;4;9996;2;9995;29;10004;2;10005;29;;;10003.0;392.0
1;30400;STARFRUIT;5061;5;5057;30;;;5062;3;5064;30;;;5061.5;127.75
1;30400;AMETHYSTS;9995;30;;;;;10005;30;;;;;10000.0;400.0
1;30500;AMETHYSTS;9996;2;9995;28;;;10004;2;10005;28;;;10000.0;400.0
1;30500;STARFRUIT;5058;5;5057;30;;;5064;30;;;;;5061.0;131.6875
1;30600;STARFRUIT;5057;32;;;;;5062;7;5064;32;;;5059.5;133.3125
1;30600;AMETHYSTS;10002;1;9996;2;9995;30;10004;2;10005;30;;;10003.0;400.0
1;30700;STARFRUIT;5057;29;;;;;5064;29;;;;;5060.5;130.4609375
1;30700;AMETHYSTS;9996;2;9995;27;;;10004;2;10005;27;;;10000.0;402.0
1;30800;STARFRUIT;5057;31;;;;;5064;31;;;;;5060.5;125.203125
1;30800;AMETHYSTS;9998;8;9996;2;9995;29;10004;2;10005;29;;;10001.0;402.0
1;30900;AMETHYSTS;9995;21;;;;;10005;21;;;;;10000.0;402.0
1;30900;STARFRUIT;5057;21;;;;;5062;7;5064;21;;;5059.5;132.484375
1;31000;STARFRUIT;5064;1;5063;5;5058;28;5065;28;;;;;5064.5;150.8671875
1;31000;AMETHYSTS;9996;2;9995;26;;;10002;2;10004;2;10005;26;9999.0;402.0
1;31100;STARFRUIT;5058;23;;;;;5059;9;5065;23;;;5058.5;152.140625
1;31100;AMETHYSTS;10002;1;9995;23;;;10005;23;;;;;10003.5;402.0
1;31200;STARFRUIT;5058;22;;;;;5059;1;5063;8;5065;22;5058.5;152.90625
1;31200;AMETHYSTS;9996;1;9995;21;;;10002;6;10004;1;10005;21;9999.0;404.0
1;31300;AMETHYSTS;9996;2;9995;20;;;10004;2;10005;20;;;10000.0;404.0
1;31300;STARFRUIT;5059;2;5058;20;;;5065;2;5066;20;;;5062.0;160.328125
1;31400;STARFRUIT;5058;22;;;;;5065;22;;;;;5061.5;158.046875
1;31400;AMETHYSTS;9995;22;;;;;10005;22;;;;;10000.0;404.0
1;31500;STARFRUIT;5059;22;;;;;5065;1;5066;21;;;5062.0;161.7109375
1;31500;AMETHYSTS;9996;1;9995;21;;;10004;1;10005;21;;;10000.0;404.0
1;31600;STARFRUIT;5059;24;;;;;5066;24;;;;;5062.5;169.84375
1;31600;AMETHYSTS;9995;24;;;;;9998;3;10005;24;;;9996.5;404.0
1;31700;AMETHYSTS;9995;29;;;;;10002;3;10005;29;;;9998.5;410.0
1;31700;STARFRUIT;5059;29;;;;;5066;29;;;;;5062.5;163.203125
1;31800;STARFRUIT;5064;2;5059;24;;;5066;24;;;;;5065.0;172.96875
1;31800;AMETHYSTS;9996;2;9995;22;;;10002;2;10004;2;10005;22;9999.0;410.0
1;31900;STARFRUIT;5060;6;5059;28;;;5066;28;;;;;5063.0;167.3359375
1;31900;AMETHYSTS;9996;2;9995;26;;;10004;2;10005;26;;;10000.0;410.0
1;32000;AMETHYSTS;9996;2;9995;20;;;10002;10;10004;2;10005;20;9999.0;410.0
1;32000;STARFRUIT;5059;22;;;;;5066;22;;;;;5062.5;173.3125
1;32100;STARFRUIT;5059;25;;;;;5066;25;;;;;5062.5;166.984375
1;32100;AMETHYSTS;9998;9;9995;25;;;10005;25;;;;;10001.5;410.0
1;32200;STARFRUIT;5059;25;;;;;5066;25;;;;;5062.5;171.390625
1;32200;AMETHYSTS;9996;1;9995;24;;;10002;5;10004;1;10005;24;9999.0;410.0
1;32300;STARFRUIT;5062;3;5059;32;;;5066;32;;;;;5064.0;166.5625
1;32300;AMETHYSTS;10000;3;9996;2;9995;30;10004;2;10005;30;;;10002.0;410.0
1;32400;AMETHYSTS;9998;2;9995;29;;;10005;29;;;;;10001.5;410.0
1;32400;STARFRUIT;5059;29;;;;;5066;29;;;;;5062.5;166.4140625
1;32500;STARFRUIT;5060;1;5059;26;;;5066;26;;;;;5063.0;168.0078125
1;32500;AMETHYSTS;10002;1;9996;2;9995;24;10004;2;10005;24;;;10003.0;410.0
1;32600;STARFRUIT;5059;28;;;;;5066;28;;;;;5062.5;169.1484375
1;32600;AMETHYSTS;9998;1;9996;2;9995;26;10004;2;10005;26;;;10001.0;412.0
1;32700;STARFRUIT;5059;32;;;;;5065;2;5066;30;;;5062.0;163.34375
1;32700;AMETHYSTS;9996;2;9995;30;;;10004;2;10005;30;;;10000.0;412.0
1;32800;AMETHYSTS;9995;29;;;;;10005;29;;;;;10000.0;412.0
1;32800;STARFRUIT;5058;29;;;;;5065;29;;;;;5061.5;157.5859375
1;32900;STARFRUIT;5059;21;;;;;5066;21;;;;;5062.5;168.03125
1;32900;AMETHYSTS;9996;1;9995;20;;;10002;10;10004;1;10005;20;9999.0;412.0
1;33000;STARFRUIT;5058;28;;;;;5063;4;5065;28;;;5060.5;154.9375
1;33000;AMETHYSTS;9998;2;9995;28;;;10005;28;;;;;10001.5;412.0
1;33100;STARFRUIT;5059;1;5058;25;;;5065;26;;;;;5062.0;157.6484375
1;33100;AMETHYSTS;9996;1;9995;25;;;10004;1;10005;25;;;10000.0;412.0
1;33200;AMETHYSTS;9996;1;9995;23;;;10004;1;10005;23;;;10000.0;412.0
1;33200;STARFRUIT;5058;24;;;;;5063;5;5065;24;;;5060.5;153.359375
1;33300;STARFRUIT;5058;31;;;;;5065;31;;;;;5061.5;154.21875
1;33300;AMETHYSTS;9996;1;9995;30;;;10002;1;10004;1;10005;30;9999.0;412.0
1;33400;STARFRUIT;5059;20;;;;;5064;2;5066;20;;;5061.5;164.5703125
1;33400;AMETHYSTS;9995;20;;;;;10005;20;;;;;10000.0;412.0
1;33500;STARFRUIT;5059;23;;;;;5065;2;5066;21;;;5062.0;163.0546875
1;33500;AMETHYSTS;9996;2;9995;21;;;10002;4;10004;2;10005;21;9999.0;412.0
1;33600;AMETHYSTS;9995;27;;;;;9998;2;10005;27;;;9996.5;412.0
1;33600;STARFRUIT;5058;27;;;;;5065;27;;;;;5061.5;159.09375
1;33700;STARFRUIT;5058;1;5057;25;;;5062;6;5064;26;;;5060.0;138.5078125
1;33700;AMETHYSTS;9996;1;9995;25;;;10004;1;10005;25;;;10000.0;416.0
1;33800;STARFRUIT;5058;21;;;;;5065;21;;;;;5061.5;140.7421875
1;33800;AMETHYSTS;9995;21;;;;;10002;4;10005;21;;;9998.5;416.0
1;33900;STARFRUIT;5058;1;5057;27;;;5064;28;;;;;5061.0;137.21875
1;33900;AMETHYSTS;9996;1;9995;27;;;10004;1;10005;27;;;10000.0;416.0
1;34000;AMETHYSTS;9996;2;9995;28;;;10004;2;10005;28;;;10000.0;424.0
1;34000;STARFRUIT;5063;1;5058;2;5057;28;5064;30;;;;;5063.5;137.65625
1;34100;STARFRUIT;5057;27;;;;;5064;27;;;;;5060.5;129.96875
1;34100;AMETHYSTS;9996;2;9995;25;;;10004;2;10005;25;;;10000.0;424.0
1;34200;AMETHYSTS;9996;2;9995;30;;;10002;2;10004;2;10005;30;9999.0;424.0
1;34200;STARFRUIT;5057;32;;;;;5063;2;5064;30;;;5060.0;120.8515625
1;34300;AMETHYSTS;9996;1;9995;28;;;10004;1;10005;28;;;10000.0;424.0
1;34300;STARFRUIT;5057;29;;;;;5058;1;5064;29;;;5057.5;133.6015625
1;34400;AMETHYSTS;9996;2;9995;28;;;10004;2;10005;28;;;10000.0;424.0
1;34400;STARFRUIT;5058;30;;;;;5065;30;;;;;5061.5;145.8671875
1;34500;STARFRUIT;5058;24;;;;;5064;2;5065;22;;;5061.0;143.46875
1;34500;AMETHYSTS;9996;2;9995;22;;;10004;2;10005;22;;;10000.0;424.0
1;34600;AMETHYSTS;9995;24;;;;;10005;24;;;;;10000.0;424.0
1;34600;STARFRUIT;5058;24;;;;;5065;24;;;;;5061.5;147.046875
1;34700;AMETHYSTS;9996;2;9995;23;;;10004;2;10005;23;;;10000.0;424.0
1;34700;STARFRUIT;5058;7;5057;25;;;5064;25;;;;;5061.0;133.2109375
1;34800;AMETHYSTS;9998;3;9996;2;9995;22;10004;2;10005;22;;;10001.0;424.0
1;34800;STARFRUIT;5057;24;;;;;5058;10;5064;24;;;5057.5;128.3515625
1;34900;STARFRUIT;5056;24;;;;;5063;24;;;;;5059.5;117.765625
1;34900;AMETHYSTS;9995;24;;;;;10005;24;;;;;10000.0;424.0
1;35000;AMETHYSTS;9995;29;;;;;10005;29;;;;;10000.0;424.0
1;35000;STARFRUIT;5056;29;;;;;5063;29;;;;;5059.5;108.4453125
1;35100;AMETHYSTS;9996;2;9995;21;;;10004;2;10005;21;;;10000.0;424.0
1;35100;STARFRUIT;5056;23;;;;;5063;23;;;;;5059.5;108.1640625
1;35200;AMETHYSTS;9995;24;;;;;10005;24;;;;;10000.0;424.0
1;35200;STARFRUIT;5056;24;;;;;5061;3;5063;24;;;5058.5;103.7421875
1;35300;STARFRUIT;5057;8;5056;23;;;5062;1;5063;22;;;5059.5;101.9140625
1;35300;AMETHYSTS;9998;8;9996;1;9995;22;10004;1;10005;22;;;10001.0;424.0
1;35400;AMETHYSTS;10002;1;9996;2;9995;25;10004;2;10005;25;;;10003.0;424.0
1;35400;STARFRUIT;5056;27;;;;;5062;2;5063;25;;;5059.0;101.828125
1;35500;AMETHYSTS;9996;2;9995;27;;;10004;2;10005;27;;;10000.0;426.0
1;35500;STARFRUIT;5055;29;;;;;5062;29;;;;;5058.5;91.65625
1;35600;AMETHYSTS;9996;1;9995;23;;;10002;3;10004;1;10005;23;9999.0;426.0
1;35600;STARFRUIT;5055;24;;;;;5061;1;5062;23;;;5058.0;82.921875
1;35700;STARFRUIT;5055;2;5054;29;;;5061;31;;;;;5058.0;77.59375
1;35700;AMETHYSTS;9996;2;9995;29;;;10002;9;10004;2;10005;29;9999.0;426.0
1;35800;AMETHYSTS;9996;2;9995;21;;;10004;2;10005;21;;;10000.0;426.0
1;35800;STARFRUIT;5056;6;5055;23;;;5061;2;5062;21;;;5058.5;82.671875
1;35900;AMETHYSTS;9996;2;9995;28;;;10004;2;10005;28;;;10000.0;426.0
1;35900;STARFRUIT;5055;2;5054;28;;;5061;30;;;;;5058.0;78.59375
1;36000;AMETHYSTS;9995;30;;;;;10000;2;10002;9;10005;30;9997.5;426.0
1;36000;STARFRUIT;5054;30;;;;;5057;2;5059;2;5061;30;5055.5;77.21875
1;36100;STARFRUIT;5055;2;5054;21;;;5059;6;5061;23;;;5057.0;78.90625
1;36100;AMETHYSTS;9998;7;9996;2;9995;21;10004;2;10005;21;;;10001.0;426.0
1;36200;AMETHYSTS;9998;5;9996;1;9995;29;10004;1;10005;29;;;10001.0;426.0
1;36200;STARFRUIT;5055;1;5054;29;;;5061;30;;;;;5058.0;77.6953125
1;36300;AMETHYSTS;9996;1;9995;30;;;10004;1;10005;30;;;10000.0;426.0
1;36300;STARFRUIT;5054;31;;;;;5060;1;5061;30;;;5057.0;63.265625
1;36400;STARFRUIT;5055;1;5054;29;;;5061;29;;;;;5058.0;73.9453125
1;36400;AMETHYSTS;9996;1;9995;28;;;10002;8;10004;1;10005;28;9999.0;426.0
1;36500;STARFRUIT;5055;28;;;;;5062;29;;;;;5058.5;85.328125
1;36500;AMETHYSTS;9996;2;9995;27;;;10004;2;10005;27;;;10000.0;426.0
1;36600;STARFRUIT;5055;31;;;;;5058;2;5062;31;;;5056.5;88.6328125
1;36600;AMETHYSTS;9996;1;9995;30;;;10000;2;10004;1;10005;30;9998.0;426.0
1;36700;AMETHYSTS;10002;1;9996;1;9995;21;10004;1;10005;21;;;10003.0;426.0
1;36700;STARFRUIT;5055;22;;;;;5061;1;5062;21;;;5058.0;82.828125
1;36800;STARFRUIT;5055;2;5054;23;;;5061;25;;;;;5058.0;77.265625
1;36800;AMETHYSTS;9996;2;9995;23;;;10004;2;10005;23;;;10000.0;428.0
1;36900;STARFRUIT;5054;22;;;;;5061;22;;;;;5057.5;71.75
1;36900;AMETHYSTS;9998;6;9995;22;;;10005;22;;;;;10001.5;428.0
1;37000;STARFRUIT;5055;2;5054;20;;;5061;22;;;;;5058.0;77.5
1;37000;AMETHYSTS;9996;2;9995;20;;;10004;2;10005;20;;;10000.0;428.0
1;37100;AMETHYSTS;10000;5;9995;24;;;10005;24;;;;;10002.5;428.0
1;37100;STARFRUIT;5057;5;5054;24;;;5061;24;;;;;5059.0;79.140625
1;37200;STARFRUIT;5055;2;5054;27;;;5061;2;5062;27;;;5058.0;79.4140625
1;37200;AMETHYSTS;9996;2;9995;27;;;10004;2;10005;27;;;10000.0;428.0
1;37300;STARFRUIT;5055;1;5054;22;;;5059;4;5061;23;;;5057.0;78.46875
1;37300;AMETHYSTS;9996;1;9995;22;;;10004;1;10005;22;;;10000.0;428.0
1;37400;STARFRUIT;5055;4;5054;22;;;5062;22;;;;;5058.5;79.4921875
1;37400;AMETHYSTS;9995;22;;;;;10005;22;;;;;10000.0;432.0
1;37500;AMETHYSTS;10000;5;9996;1;9995;30;10004;1;10005;30;;;10002.0;432.0
1;37500;STARFRUIT;5058;5;5055;31;;;5062;31;;;;;5060.0;85.40625
1;37600;STARFRUIT;5055;25;;;;;5060;5;5062;25;;;5057.5;84.375
1;37600;AMETHYSTS;9996;1;9995;24;;;10004;1;10005;24;;;10000.0;432.0
1;37700;STARFRUIT;5054;20;;;;;5061;20;;;;;5057.5;77.6640625
1;37700;AMETHYSTS;10002;1;9995;20;;;10005;20;;;;;10003.5;452.0
1;37800;STARFRUIT;5055;25;;;;;5062;25;;;;;5058.5;94.703125
1;37800;AMETHYSTS;9996;2;9995;23;;;10004;2;10005;23;;;10000.0;454.0
1;37900;AMETHYSTS;9996;2;9995;27;;;10004;2;10005;27;;;10000.0;454.0
1;37900;STARFRUIT;5055;29;;;;;5062;29;;;;;5058.5;84.875
1;38000;STARFRUIT;5055;30;;;;;5062;30;;;;;5058.5;90.578125
1;38000;AMETHYSTS;9998;3;9995;30;;;10005;30;;;;;10001.5;454.0
1;38100;STARFRUIT;5055;29;;;;;5060;4;5062;29;;;5057.5;95.1953125
1;38100;AMETHYSTS;9998;4;9996;1;9995;28;10004;1;10005;28;;;10001.0;454.0
1;38200;STARFRUIT;5055;31;;;;;5062;31;;;;;5058.5;87.5703125
1;38200;AMETHYSTS;9998;4;9996;2;9995;29;10004;2;10005;29;;;10001.0;454.0
1;38300;AMETHYSTS;9995;22;;;;;10005;22;;;;;10000.0;454.0
1;38300;STARFRUIT;5056;5;5055;22;;;5062;22;;;;;5059.0;89.625
1;38400;STARFRUIT;5055;31;;;;;5056;4;5061;2;5062;29;5055.5;83.2421875
1;38400;AMETHYSTS;9996;2;9995;29;;;10004;2;10005;29;;;10000.0;454.0
1;38500;STARFRUIT;5055;24;;;;;5061;2;5062;22;;;5058.0;81.3671875
1;38500;AMETHYSTS;9996;2;9995;22;;;10004;2;10005;22;;;10000.0;454.0
1;38600;STARFRUIT;5055;31;;;;;5062;31;;;;;5058.5;90.171875
1;38600;AMETHYSTS;10002;1;9996;2;9995;29;10004;2;10005;29;;;10003.0;454.0
1;38700;AMETHYSTS;9996;2;9995;20;;;10004;2;10005;20;;;10000.0;456.0
1;38700;STARFRUIT;5056;21;;;;;5063;22;;;;;5059.5;104.90625
1;38800;STARFRUIT;5056;2;5055;25;;;5060;2;5062;27;;;5058.0;96.2421875
1;38800;AMETHYSTS;9996;2;9995;25;;;10004;2;10005;25;;;10000.0;464.0
1;38900;STARFRUIT;5056;2;5055;23;;;5062;2;5063;23;;;5059.0;99.8125
1;38900;AMETHYSTS;9996;2;9995;23;;;10004;2;10005;23;;;10000.0;464.0
1;39000;STARFRUIT;5056;24;;;;;5059;3;5061;6;5062;1;5057.5;100.7890625
1;39000;AMETHYSTS;9996;1;9995;23;;;10000;3;10004;1;10005;23;9998.0;464.0
1;39100;AMETHYSTS;9996;2;9995;28;;;9998;3;10004;2;10005;28;9997.0;464.0
1;39100;STARFRUIT;5057;8;5056;30;;;5062;2;5063;28;;;5059.5;101.5546875
1;39200;STARFRUIT;5056;5;5055;21;;;5058;4;5062;21;;;5057.0;98.4453125
1;39200;AMETHYSTS;9995;21;;;;;10000;4;10005;21;;;9997.5;470.0
1;39300;STARFRUIT;5056;24;;;;;5063;24;;;;;5059.5;102.0625
1;39300;AMETHYSTS;9995;24;;;;;10005;24;;;;;10000.0;478.0
1;39400;STARFRUIT;5056;21;;;;;5063;21;;;;;5059.5;105.75
1;39400;AMETHYSTS;9995;21;;;;;10005;21;;;;;10000.0;478.0
1;39500;AMETHYSTS;9995;29;;;;;10005;29;;;;;10000.0;478.0
1;39500;STARFRUIT;5056;29;;;;;5061;3;5063;29;;;5058.5;106.25
1;39600;STARFRUIT;5056;31;;;;;5063;31;;;;;5059.5;104.796875
1;39600;AMETHYSTS;9996;1;9995;30;;;10004;1;10005;30;;;10000.0;478.0
1;39700;STARFRUIT;5055;29;;;;;5058;6;5062;30;;;5056.5;98.390625
1;39700;AMETHYSTS;9996;1;9995;29;;;10000;6;10004;1;10005;29;9998.0;478.0
1;39800;STARFRUIT;5055;24;;;;;5062;24;;;;;5058.5;88.15625
1;39800;AMETHYSTS;9996;2;9995;22;;;9998;1;10004;2;10005;22;9997.0;478.0
1;39900;AMETHYSTS;9998;10;9996;1;9995;28;10004;1;10005;28;;;10001.0;480.0
1;39900;STARFRUIT;5055;29;;;;;5060;7;5061;1;5062;28;5057.5;81.359375
1;40000;STARFRUIT;5055;1;5054;25;;;5061;1;5062;25;;;5058.0;79.984375
1;40000;AMETHYSTS;10002;11;9996;1;9995;25;10004;1;10005;25;;;10003.0;480.0
1;40100;STARFRUIT;5055;30;;;;;5060;4;5062;30;;;5057.5;81.6484375
1;40100;AMETHYSTS;9995;30;;;;;10005;30;;;;;10000.0;502.0
1;40200;STARFRUIT;5055;25;;;;;5062;25;;;;;5058.5;88.3515625
1;40200;AMETHYSTS;9996;1;9995;24;;;10002;7;10004;1;10005;24;9999.0;502.0
1;40300;AMETHYSTS;10002;4;9996;1;9995;29;10004;1;10005;29;;;10003.0;502.0
1;40300;STARFRUIT;5055;30;;;;;5062;30;;;;;5058.5;90.796875
1;40400;STARFRUIT;5055;25;;;;;5062;25;;;;;5058.5;92.578125
1;40400;AMETHYSTS;9996;2;9995;23;;;10004;2;10005;23;;;10000.0;502.0
1;40500;STARFRUIT;5054;22;;;;;5061;22;;;;;5057.5;71.546875
1;40500;AMETHYSTS;9996;1;9995;21;;;10004;1;10005;21;;;10000.0;502.0
1;40600;STARFRUIT;5054;28;;;;;5061;28;;;;;5057.5;78.765625
1;40600;AMETHYSTS;10002;1;9995;28;;;10005;28;;;;;10003.5;502.0
1;40700;AMETHYSTS;9998;10;9996;1;9995;29;10004;1;10005;29;;;10001.0;504.0
1;40700;STARFRUIT;5061;1;5056;6;5055;30;5062;30;;;;;5061.5;89.953125
1;40800;STARFRUIT;5055;21;;;;;5062;21;;;;;5058.5;87.953125
1;40800;AMETHYSTS;9995;21;;;;;10005;21;;;;;10000.0;504.0
1;40900;STARFRUIT;5056;3;5054;25;;;5062;25;;;;;5059.0;80.4765625
1;40900;AMETHYSTS;9998;2;9995;25;;;10005;25;;;;;10001.5;504.0
1;41000;AMETHYSTS;9998;10;9996;1;9995;20;10000;2;10004;1;10005;20;9999.0;504.0
1;41000;STARFRUIT;5055;21;;;;;5058;2;5060;7;5062;21;5056.5;87.3046875
1;41100;STARFRUIT;5055;2;5054;23;;;5061;2;5062;23;;;5058.0;79.78125
1;41100;AMETHYSTS;9996;2;9995;23;;;10004;2;10005;23;;;10000.0;504.0
1;41200;STARFRUIT;5055;20;;;;;5062;20;;;;;5058.5;89.46875
1;41200;AMETHYSTS;9995;20;;;;;10005;20;;;;;10000.0;504.0
1;41300;STARFRUIT;5055;8;5054;27;;;5062;27;;;;;5058.5;80.1640625
1;41300;AMETHYSTS;9995;27;;;;;10005;27;;;;;10000.0;504.0
1;41400;AMETHYSTS;9996;1;9995;29;;;10004;1;10005;29;;;10000.0;504.0
1;41400;STARFRUIT;5055;5;5054;30;;;5056;5;5061;30;;;5055.5;70.5625
1;41500;STARFRUIT;5055;7;5054;31;;;5060;2;5061;29;;;5057.5;63.453125
1;41500;AMETHYSTS;9996;2;9995;29;;;10004;2;10005;29;;;10000.0;504.0
1;41600;STARFRUIT;5053;26;;;;;5060;26;;;;;5056.5;53.015625
1;41600;AMETHYSTS;9995;26;;;;;10005;26;;;;;10000.0;504.0
1;41700;STARFRUIT;5058;2;5053;23;;;5060;23;;;;;5059.0;50.078125
1;41700;AMETHYSTS;9995;23;;;;;10005;23;;;;;10000.0;504.0
1;41800;AMETHYSTS;9996;1;9995;21;;;10004;1;10005;21;;;10000.0;504.0
1;41800;STARFRUIT;5053;21;;;;;5060;1;5061;21;;;5056.5;60.5
1;41900;STARFRUIT;5054;28;;;;;5061;28;;;;;5057.5;72.5625
1;41900;AMETHYSTS;9995;28;;;;;10002;8;10005;28;;;9998.5;504.0
1;42000;STARFRUIT;5055;28;;;;;5062;28;;;;;5058.5;84.9296875
1;42000;AMETHYSTS;9996;1;9995;27;;;9998;1;10004;1;10005;27;9997.0;504.0
1;42100;STARFRUIT;5057;7;5056;22;;;5063;22;;;;;5060.0;104.671875
1;42100;AMETHYSTS;10002;2;9995;22;;;10005;22;;;;;10003.5;506.0
1;42200;AMETHYSTS;9995;22;;;;;10005;22;;;;;10000.0;510.0
1;42200;STARFRUIT;5056;22;;;;;5063;22;;;;;5059.5;103.1875
1;42300;STARFRUIT;5056;2;5055;20;;;5062;22;;;;;5059.0;98.4765625
1;42300;AMETHYSTS;9996;2;9995;20;;;10004;2;10005;20;;;10000.0;510.0
1;42400;STARFRUIT;5055;28;;;;;5062;28;;;;;5058.5;92.6875
1;42400;AMETHYSTS;9996;2;9995;26;;;10002;2;10004;2;10005;26;9999.0;510.0
1;42500;STARFRUIT;5055;24;;;;;5060;2;5062;24;;;5057.5;89.890625
1;42500;AMETHYSTS;9995;24;;;;;10005;24;;;;;10000.0;513.0
1;42600;AMETHYSTS;9995;28;;;;;10005;28;;;;;10000.0;513.0
1;42600;STARFRUIT;5060;1;5055;28;;;5062;28;;;;;5061.0;84.140625
1;42700;STARFRUIT;5055;1;5054;23;;;5061;24;;;;;5058.0;76.140625
1;42700;AMETHYSTS;9996;1;9995;23;;;10004;1;10005;23;;;10000.0;513.0
1;42800;STARFRUIT;5054;29;;;;;5058;2;5062;29;;;5056.0;80.125
1;42800;AMETHYSTS;9995;29;;;;;10000;2;10005;29;;;9997.5;513.0
1;42900;STARFRUIT;5054;20;;;;;5061;20;;;;;5057.5;63.4453125
1;42900;AMETHYSTS;10002;5;9995;20;;;10005;20;;;;;10003.5;513.0
1;43000;AMETHYSTS;9996;1;9995;26;;;10002;6;10004;1;10005;26;9999.0;513.0
1;43000;STARFRUIT;5054;27;;;;;5061;27;;;;;5057.5;70.6875
1;43100;STARFRUIT;5054;25;;;;;5061;25;;;;;5057.5;66.96875
1;43100;AMETHYSTS;9998;9;9996;1;9995;24;10004;1;10005;24;;;10001.0;513.0
1;43200;AMETHYSTS;9996;2;9995;29;;;10002;5;10004;2;10005;29;9999.0;513.0
1;43200;STARFRUIT;5054;2;5053;29;;;5060;2;5061;29;;;5057.0;60.0703125
1;43300;AMETHYSTS;9998;10;9995;20;;;10005;20;;;;;10001.5;517.0
1;43300;STARFRUIT;5059;1;5053;20;;;5061;20;;;;;5060.0;60.1875
1;43400;AMETHYSTS;9996;2;9995;22;;;10004;2;10005;22;;;10000.0;517.0
1;43400;STARFRUIT;5054;24;;;;;5060;2;5061;22;;;5057.0;62.1875
1;43500;STARFRUIT;5055;6;5054;25;;;5061;25;;;;;5058.0;73.1328125
1;43500;AMETHYSTS;9996;1;9995;24;;;10002;7;10004;1;10005;24;9999.0;517.0
1;43600;AMETHYSTS;9995;22;;;;;10002;5;10005;22;;;9998.5;517.0
1;43600;STARFRUIT;5054;22;;;;;5059;1;5061;22;;;5056.5;64.6171875
1;43700;AMETHYSTS;9996;1;9995;29;;;10002;6;10004;1;10005;29;9999.0;517.0
1;43700;STARFRUIT;5054;1;5053;29;;;5060;30;;;;;5057.0;57.875
1;43800;AMETHYSTS;9996;1;9995;22;;;10004;1;10005;22;;;10000.0;517.0
1;43800;STARFRUIT;5053;23;;;;;5060;23;;;;;5056.5;49.65625
1;43900;STARFRUIT;5053;8;5052;24;;;5059;26;;;;;5056.0;39.0234375
1;43900;AMETHYSTS;9996;2;9995;24;;;10002;2;10004;2;10005;24;9999.0;517.0
1;44000;AMETHYSTS;10002;4;9998;10;9996;2;10004;2;10005;25;;;10003.0;517.0
1;44000;STARFRUIT;5053;27;;;;;5059;2;5060;25;;;5056.0;44.3046875
1;44100;AMETHYSTS;9996;2;9995;22;;;10004;2;10005;22;;;10000.0;517.0
1;44100;STARFRUIT;5053;24;;;;;5058;4;5060;24;;;5055.5;51.5703125
1;44200;AMETHYSTS;9995;24;;;;;10005;24;;;;;10000.0;517.0
1;44200;STARFRUIT;5053;24;;;;;5060;24;;;;;5056.5;52.1015625
1;44300;STARFRUIT;5053;26;;;;;5060;26;;;;;5056.5;52.796875
1;44300;AMETHYSTS;9996;2;9995;24;;;9998;2;10004;2;10005;24;9997.0;517.0
1;44400;AMETHYSTS;9996;1;9995;25;;;10002;7;10004;1;10005;25;9999.0;521.0
1;44400;STARFRUIT;5054;1;5053;26;;;5060;26;;;;;5057.0;49.5390625
1;44500;AMETHYSTS;9995;30;;;;;10005;30;;;;;10000.0;521.0
1;44500;STARFRUIT;5053;30;;;;;5060;30;;;;;5056.5;53.859375
1;44600;AMETHYSTS;9996;1;9995;21;;;10004;1;10005;21;;;10000.0;521.0
1;44600;STARFRUIT;5054;22;;;;;5060;1;5061;21;;;5057.0;62.4375
1;44700;STARFRUIT;5054;27;;;;;5059;6;5061;27;;;5056.5;70.3125
1;44700;AMETHYSTS;9996;2;9995;25;;;10004;2;10005;25;;;10000.0;521.0
1;44800;AMETHYSTS;9995;25;;;;;10005;25;;;;;10000.0;521.0
1;44800;STARFRUIT;5054;25;;;;;5059;3;5061;25;;;5056.5;72.3515625
1;44900;AMETHYSTS;9996;2;9995;21;;;10004;2;10005;21;;;10000.0;521.0
1;44900;STARFRUIT;5054;23;;;;;5060;2;5061;21;;;5057.0;64.296875
1;45000;AMETHYSTS;9996;1;9995;27;;;10004;1;10005;27;;;10000.0;521.0
1;45000;STARFRUIT;5054;28;;;;;5055;1;5061;28;;;5054.5;70.921875
1;45100;STARFRUIT;5053;27;;;;;5060;27;;;;;5056.5;57.0703125
1;45100;AMETHYSTS;9995;27;;;;;9998;1;10005;27;;;9996.5;521.0
1;45200;AMETHYSTS;10002;1;9996;1;9995;20;10004;1;10005;20;;;10003.0;523.0
1;45200;STARFRUIT;5053;20;;;;;5060;1;5061;20;;;5056.5;59.4140625
1;45300;AMETHYSTS;9995;23;;;;;10005;23;;;;;10000.0;525.0
1;45300;STARFRUIT;5053;23;;;;;5054;1;5060;23;;;5053.5;58.734375
1;45400;STARFRUIT;5054;25;;;;;5061;25;;;;;5057.5;70.234375
1;45400;AMETHYSTS;9998;4;9995;25;;;10005;25;;;;;10001.5;525.0
1;45500;STARFRUIT;5054;21;;;;;5055;3;5060;1;5061;20;5054.5;62.53125
1;45500;AMETHYSTS;9996;1;9995;20;;;9998;3;10004;1;10005;20;9997.0;525.0
1;45600;STARFRUIT;5054;1;5053;23;;;5059;6;5060;1;5061;23;5056.5;59.734375
1;45600;AMETHYSTS;9996;1;9995;23;;;10004;1;10005;23;;;10000.0;531.0
1;45700;AMETHYSTS;10002;1;9996;2;9995;21;10004;2;10005;21;;;10003.0;531.0
1;45700;STARFRUIT;5054;23;;;;;5061;23;;;;;5057.5;67.15625
1;45800;STARFRUIT;5057;5;5054;32;;;5061;32;;;;;5059.0;71.1015625
1;45800;AMETHYSTS;10000;5;9998;7;9996;2;10004;2;10005;30;;;10002.0;533.0
1;45900;STARFRUIT;5054;26;;;;;5055;1;5061;26;;;5054.5;71.515625
1;45900;AMETHYSTS;9998;8;9996;1;9995;25;10004;1;10005;25;;;10001.0;533.0
1;46000;STARFRUIT;5054;23;;;;;5061;23;;;;;5057.5;68.984375
1;46000;AMETHYSTS;9995;23;;;;;9998;1;10005;23;;;9996.5;533.0
1;46100;AMETHYSTS;9995;25;;;;;10005;25;;;;;10000.0;543.0
1;46100;STARFRUIT;5055;4;5054;25;;;5061;25;;;;;5058.0;62.765625
1;46200;STARFRUIT;5054;4;5053;24;;;5060;24;;;;;5057.0;57.515625
1;46200;AMETHYSTS;9995;24;;;;;10005;24;;;;;10000.0;543.0
1;46300;STARFRUIT;5054;28;;;;;5060;2;5061;26;;;5057.0;62.234375
1;46300;AMETHYSTS;9996;2;9995;26;;;10004;2;10005;26;;;10000.0;543.0
1;46400;STARFRUIT;5059;1;5054;24;;;5061;24;;;;;5060.0;61.359375
1;46400;AMETHYSTS;9995;24;;;;;10005;24;;;;;10000.0;543.0
1;46500;AMETHYSTS;9996;1;9995;29;;;9998;1;10004;1;10005;29;9997.0;543.0
1;46500;STARFRUIT;5058;2;5054;30;;;5061;30;;;;;5059.5;67.265625
1;46600;STARFRUIT;5060;1;5055;4;5054;28;5061;28;;;;;5060.5;71.6328125
1;46600;AMETHYSTS;9998;1;9995;28;;;10005;28;;;;;10001.5;545.0
1;46700;STARFRUIT;5055;30;;;;;5061;1;5062;29;;;5058.0;82.8125
1;46700;AMETHYSTS;9996;1;9995;29;;;10004;1;10005;29;;;10000.0;545.0
1;46800;STARFRUIT;5055;25;;;;;5062;25;;;;;5058.5;81.90625
1;46800;AMETHYSTS;9995;25;;;;;10005;25;;;;;10000.0;545.0
1;46900;AMETHYSTS;9996;1;9995;29;;;10002;3;10004;1;10005;29;9999.0;545.0
1;46900;STARFRUIT;5054;30;;;;;5055;10;5061;30;;;5054.5;65.71875
1;47000;STARFRUIT;5054;23;;;;;5061;23;;;;;5057.5;66.09375
1;47000;AMETHYSTS;9996;1;9995;22;;;10004;1;10005;22;;;10000.0;545.0
1;47100;STARFRUIT;5053;22;;;;;5060;22;;;;;5056.5;58.9453125
1;47100;AMETHYSTS;9995;22;;;;;9998;1;10005;22;;;9996.5;545.0
1;47200;STARFRUIT;5059;1;5053;23;;;5060;23;;;;;5059.5;52.5703125
1;47200;AMETHYSTS;9996;2;9995;21;;;10004;2;10005;21;;;10000.0;547.0
1;47300;AMETHYSTS;9995;21;;;;;10005;21;;;;;10000.0;547.0
1;47300;STARFRUIT;5055;5;5054;21;;;5061;21;;;;;5058.0;67.0
1;47400;STARFRUIT;5059;5;5054;22;;;5061;22;;;;;5060.0;63.40625
1;47400;AMETHYSTS;9998;7;9995;22;;;10005;22;;;;;10001.5;547.0
1;47500;STARFRUIT;5054;22;;;;;5059;5;5061;22;;;5056.5;67.1875
1;47500;AMETHYSTS;9996;1;9995;21;;;9998;1;10004;1;10005;21;9997.0;547.0
1;47600;STARFRUIT;5054;21;;;;;5062;21;;;;;5058.0;80.375
1;47600;AMETHYSTS;9998;5;9995;21;;;10005;21;;;;;10001.5;549.0
1;47700;AMETHYSTS;9998;1;9995;23;;;10005;23;;;;;10001.5;549.0
1;47700;STARFRUIT;5055;23;;;;;5060;4;5062;23;;;5057.5;95.96875
1;47800;STARFRUIT;5056;20;;;;;5061;7;5063;20;;;5058.5;101.234375
1;47800;AMETHYSTS;9995;20;;;;;10005;20;;;;;10000.0;549.0
1;47900;STARFRUIT;5056;23;;;;;5063;23;;;;;5059.5;104.5390625
1;47900;AMETHYSTS;9995;23;;;;;10005;23;;;;;10000.0;549.0
1;48000;STARFRUIT;5056;27;;;;;5062;1;5063;26;;;5059.0;102.4140625
1;48000;AMETHYSTS;10002;2;9996;1;9995;26;10004;1;10005;26;;;10003.0;549.0
1;48100;AMETHYSTS;9996;1;9995;29;;;10004;1;10005;29;;;10000.0;553.0
1;48100;STARFRUIT;5056;30;;;;;5061;1;5063;30;;;5058.5;108.078125
1;48200;STARFRUIT;5057;1;5056;27;;;5063;27;;;;;5060.0;104.90625
1;48200;AMETHYSTS;9996;1;9995;26;;;10004;1;10005;26;;;10000.0;553.0
1;48300;STARFRUIT;5055;21;;;;;5056;4;5061;1;5062;20;5055.5;80.9375
1;48300;AMETHYSTS;9998;4;9996;1;9995;20;10004;1;10005;20;;;10001.0;553.0
1;48400;STARFRUIT;5054;32;;;;;5059;6;5061;32;;;5056.5;70.8515625
1;48400;AMETHYSTS;9996;2;9995;30;;;10004;2;10005;30;;;10000.0;553.0
1;48500;AMETHYSTS;9995;29;;;;;10005;29;;;;;10000.0;553.0
1;48500;STARFRUIT;5054;29;;;;;5061;29;;;;;5057.5;65.7421875
1;48600;STARFRUIT;5053;27;;;;;5060;27;;;;;5056.5;55.1171875
1;48600;AMETHYSTS;9996;1;9995;26;;;10004;1;10005;26;;;10000.0;553.0
1;48700;STARFRUIT;5054;23;;;;;5057;2;5061;23;;;5055.5;69.984375
1;48700;AMETHYSTS;9996;1;9995;22;;;10000;2;10004;1;10005;22;9998.0;553.0
1;48800;STARFRUIT;5054;29;;;;;5061;29;;;;;5057.5;65.53125
1;48800;AMETHYSTS;9996;1;9995;28;;;10004;1;10005;28;;;10000.0;553.0
1;48900;AMETHYSTS;9995;22;;;;;10005;22;;;;;10000.0;553.0
1;48900;STARFRUIT;5053;22;;;;;5054;1;5060;22;;;5053.5;51.671875
1;49000;STARFRUIT;5053;1;5052;28;;;5059;29;;;;;5056.0;37.203125
1;49000;AMETHYSTS;9996;1;9995;28;;;10004;1;10005;28;;;10000.0;553.0
1;49100;STARFRUIT;5053;30;;;;;5060;30;;;;;5056.5;44.9375
1;49100;AMETHYSTS;9995;30;;;;;10005;30;;;;;10000.0;557.0
1;49200;STARFRUIT;5053;26;;;;;5060;26;;;;;5056.5;49.9609375
1;49200;AMETHYSTS;10002;3;9996;1;9995;25;10004;1;10005;25;;;10003.0;557.0
1;49300;AMETHYSTS;9998;3;9995;29;;;10005;29;;;;;10001.5;563.0
1;49300;STARFRUIT;5055;6;5054;29;;;5061;29;;;;;5058.0;64.09375
1;49400;STARFRUIT;5054;1;5053;22;;;5060;23;;;;;5057.0;59.1484375
1;49400;AMETHYSTS;9996;1;9995;22;;;10004;1;10005;22;;;10000.0;563.0
1;49500;STARFRUIT;5054;25;;;;;5060;1;5061;24;;;5057.0;60.8671875
1;49500;AMETHYSTS;9996;1;9995;24;;;10004;1;10005;24;;;10000.0;563.0
1;49600;STARFRUIT;5054;2;5053;28;;;5057;3;5060;2;5061;28;5055.5;60.640625
1;49600;AMETHYSTS;9996;2;9995;28;;;10000;3;10002;9;10004;2;9998.0;563.0
1;49700;AMETHYSTS;9995;21;;;;;10005;21;;;;;10000.0;563.0
1;49700;STARFRUIT;5058;1;5054;6;5053;21;5060;21;;;;;5059.0;48.8984375
1;49800;STARFRUIT;5053;20;;;;;5054;1;5060;20;;;5053.5;58.9453125
1;49800;AMETHYSTS;9995;20;;;;;10002;7;10005;20;;;9998.5;563.0
1;49900;STARFRUIT;5054;6;5053;23;;;5060;1;5061;23;;;5057.0;60.03125
1;49900;AMETHYSTS;9996;1;9995;23;;;10004;1;10005;23;;;10000.0;563.0
1;50000;AMETHYSTS;9996;2;9995;24;;;10002;5;10004;2;10005;24;9999.0;563.0
1;50000;STARFRUIT;5054;2;5053;24;;;5060;26;;;;;5057.0;55.921875
1;50100;STARFRUIT;5054;2;5053;22;;;5060;24;;;;;5057.0;57.2265625
1;50100;AMETHYSTS;10002;4;9996;2;9995;22;10004;2;10005;22;;;10003.0;563.0
1;50200;STARFRUIT;5053;29;;;;;5060;29;;;;;5056.5;54.90625
1;50200;AMETHYSTS;9996;1;9995;28;;;10004;1;10005;28;;;10000.0;563.0
1;50300;STARFRUIT;5053;23;;;;;5058;4;5060;23;;;5055.5;55.5625
1;50300;AMETHYSTS;9995;23;;;;;10005;23;;;;;10000.0;563.0
1;50400;AMETHYSTS;9996;2;9995;21;;;10004;2;10005;21;;;10000.0;563.0
1;50400;STARFRUIT;5054;2;5053;23;;;5055;3;5060;23;;;5054.5;51.0078125
1;50500;STARFRUIT;5055;4;5053;1;5052;27;5059;1;5060;27;;;5057.0;39.9296875
1;50500;AMETHYSTS;10000;4;9998;7;9996;1;10004;1;10005;27;;;10002.0;563.0
1;50600;STARFRUIT;5053;2;5052;22;;;5055;4;5059;24;;;5054.0;36.0
1;50600;AMETHYSTS;9998;7;9996;2;9995;22;10000;5;10004;2;10005;22;9999.0;563.0
1;50700;STARFRUIT;5052;20;;;;;5059;20;;;;;5055.5;32.421875
1;50700;AMETHYSTS;9998;9;9995;20;;;10005;20;;;;;10001.5;563.0
1;50800;AMETHYSTS;9998;7;9996;2;9995;26;10004;2;10005;26;;;10001.0;563.0
1;50800;STARFRUIT;5053;2;5052;26;;;5059;2;5060;26;;;5056.0;39.46875
1;50900;STARFRUIT;5053;29;;;;;5056;5;5060;30;;;5054.5;42.484375
1;50900;AMETHYSTS;9998;2;9995;30;;;10000;5;10005;30;;;9999.0;563.0
1;51000;STARFRUIT;5053;25;;;;;5060;25;;;;;5056.5;45.15625
1;51000;AMETHYSTS;9996;2;9995;23;;;10004;2;10005;23;;;10000.0;563.0
1;51100;STARFRUIT;5054;3;5053;29;;;5060;29;;;;;5057.0;51.140625
1;51100;AMETHYSTS;9995;29;;;;;10002;1;10005;29;;;9998.5;563.0
1;51200;AMETHYSTS;9995;30;;;;;10005;30;;;;;10000.0;563.0
1;51200;STARFRUIT;5053;30;;;;;5060;30;;;;;5056.5;52.921875
1;51300;STARFRUIT;5054;2;5053;23;;;5060;25;;;;;5057.0;57.71875
1;51300;AMETHYSTS;9996;2;9995;23;;;9998;5;10002;5;10004;2;9997.0;563.0
1;51400;STARFRUIT;5054;23;;;;;5059;5;5060;1;5061;22;5056.5;62.171875
1;51400;AMETHYSTS;9996;1;9995;22;;;10004;1;10005;22;;;10000.0;573.0
1;51500;STARFRUIT;5054;21;;;;;5061;21;;;;;5057.5;62.9296875
1;51500;AMETHYSTS;9995;21;;;;;10005;21;;;;;10000.0;573.0
1;51600;AMETHYSTS;9996;2;9995;21;;;10002;5;10004;2;10005;21;9999.0;581.0
1;51600;STARFRUIT;5058;4;5054;23;;;5059;1;5060;2;5061;21;5058.5;63.703125
1;51700;STARFRUIT;5054;32;;;;;5061;32;;;;;5057.5;65.765625
1;51700;AMETHYSTS;9996;2;9995;30;;;10004;2;10005;30;;;10000.0;581.0
1;51800;STARFRUIT;5053;25;;;;;5060;25;;;;;5056.5;56.84375
1;51800;AMETHYSTS;9995;25;;;;;10005;25;;;;;10000.0;581.0
1;51900;AMETHYSTS;9996;2;9995;26;;;10004;2;10005;26;;;10000.0;581.0
1;51900;STARFRUIT;5054;2;5053;26;;;5060;2;5061;26;;;5057.0;60.5859375
1;52000;AMETHYSTS;9998;2;9995;21;;;10000;5;10005;21;;;9999.0;581.0
1;52000;STARFRUIT;5055;5;5054;21;;;5057;5;5061;21;;;5056.0;62.0390625
1;52100;STARFRUIT;5053;28;;;;;5060;28;;;;;5056.5;46.34375
1;52100;AMETHYSTS;9996;1;9995;27;;;10004;1;10005;27;;;10000.0;581.0
1;52200;AMETHYSTS;9995;23;;;;;10005;23;;;;;10000.0;581.0
1;52200;STARFRUIT;5053;23;;;;;5054;1;5060;23;;;5053.5;50.9375
1;52300;AMETHYSTS;9995;30;;;;;10005;30;;;;;10000.0;581.0
1;52300;STARFRUIT;5052;30;;;;;5059;30;;;;;5055.5;33.703125
1;52400;AMETHYSTS;10002;3;9996;1;9995;20;10004;1;10005;20;;;10003.0;581.0
1;52400;STARFRUIT;5053;2;5052;20;;;5056;4;5059;1;5060;20;5054.5;40.0390625
1;52500;STARFRUIT;5052;27;;;;;5059;27;;;;;5055.5;28.625
1;52500;AMETHYSTS;9996;2;9995;25;;;10004;2;10005;25;;;10000.0;587.0
1;52600;AMETHYSTS;9996;1;9995;30;;;10004;1;10005;30;;;10000.0;587.0
1;52600;STARFRUIT;5052;3;5051;30;;;5053;2;5058;31;;;5052.5;17.3046875
1;52700;AMETHYSTS;9996;1;9995;24;;;10002;9;10004;1;10005;24;9999.0;595.0
1;52700;STARFRUIT;5057;1;5051;25;;;5058;25;;;;;5057.5;11.359375
1;52800;AMETHYSTS;9996;2;9995;26;;;10004;2;10005;26;;;10000.0;595.0
1;52800;STARFRUIT;5057;1;5051;28;;;5058;28;;;;;5057.5;10.75
1;52900;STARFRUIT;5051;1;5050;26;;;5057;1;5058;26;;;5054.0;-0.359375
1;52900;AMETHYSTS;9996;1;9995;26;;;10002;3;10004;1;10005;26;9999.0;595.0
1;53000;AMETHYSTS;9996;1;9995;29;;;10004;1;10005;29;;;10000.0;595.0
1;53000;STARFRUIT;5051;30;;;;;5058;30;;;;;5054.5;7.484375
1;53100;AMETHYSTS;9996;2;9995;21;;;9998;5;10004;2;10005;21;9997.0;595.0
1;53100;STARFRUIT;5051;23;;;;;5058;23;;;;;5054.5;7.453125
1;53200;AMETHYSTS;9995;23;;;;;10005;23;;;;;10000.0;605.0
1;53200;STARFRUIT;5056;1;5051;23;;;5058;23;;;;;5057.0;2.109375
1;53300;STARFRUIT;5051;20;;;;;5058;20;;;;;5054.5;9.921875
1;53300;AMETHYSTS;9995;20;;;;;10005;20;;;;;10000.0;605.0
1;53400;AMETHYSTS;9996;2;9995;30;;;9998;1;10004;2;10005;30;9997.0;605.0
1;53400;STARFRUIT;5051;9;5050;30;;;5057;32;;;;;5054.0;-1.8046875
1;53500;AMETHYSTS;9995;25;;;;;10002;7;10005;25;;;9998.5;607.0
1;53500;STARFRUIT;5051;25;;;;;5056;2;5058;25;;;5053.5;9.5625
1;53600;AMETHYSTS;9998;2;9996;1;9995;22;10004;1;10005;22;;;10001.0;607.0
1;53600;STARFRUIT;5051;1;5050;22;;;5057;1;5058;22;;;5054.0;0.484375
1;53700;STARFRUIT;5051;1;5050;23;;;5057;23;;;;;5054.0;-15.875
1;53700;AMETHYSTS;9995;23;;;;;10005;23;;;;;10000.0;607.0
1;53800;AMETHYSTS;9998;8;9995;29;;;10005;29;;;;;10001.5;607.0
1;53800;STARFRUIT;5049;29;;;;;5056;29;;;;;5052.5;-23.921875
1;53900;AMETHYSTS;9996;1;9995;25;;;10000;4;10002;8;10004;1;9998.0;607.0
1;53900;STARFRUIT;5049;26;;;;;5052;4;5056;26;;;5050.5;-34.0546875
1;54000;AMETHYSTS;9996;1;9995;21;;;10002;1;10004;1;10005;21;9999.0;607.0
1;54000;STARFRUIT;5050;8;5049;21;;;5056;22;;;;;5053.0;-23.671875
1;54100;STARFRUIT;5050;4;5049;22;;;5056;22;;;;;5053.0;-29.9296875
1;54100;AMETHYSTS;9996;1;9995;21;;;10004;1;10005;21;;;10000.0;607.0
1;54200;STARFRUIT;5049;21;;;;;5050;1;5056;21;;;5049.5;-24.4453125
1;54200;AMETHYSTS;9996;1;9995;20;;;10004;1;10005;20;;;10000.0;611.0
1;54300;AMETHYSTS;10002;1;9996;2;9995;26;10004;2;10005;26;;;10003.0;611.0
1;54300;STARFRUIT;5050;2;5049;26;;;5056;2;5057;26;;;5053.0;-20.0390625
1;54400;STARFRUIT;5050;22;;;;;5057;22;;;;;5053.5;-15.40625
1;54400;AMETHYSTS;9995;22;;;;;10005;22;;;;;10000.0;613.0
1;54500;STARFRUIT;5049;29;;;;;5056;29;;;;;5052.5;-34.0
1;54500;AMETHYSTS;9996;2;9995;27;;;10002;2;10004;2;10005;27;9999.0;613.0
1;54600;STARFRUIT;5049;1;5048;29;;;5055;30;;;;;5052.0;-41.3359375
1;54600;AMETHYSTS;10002;2;9996;1;9995;29;10004;1;10005;29;;;10003.0;613.0
1;54700;AMETHYSTS;9996;1;9995;22;;;10004;1;10005;22;;;10000.0;617.0
1;54700;STARFRUIT;5049;23;;;;;5056;23;;;;;5052.5;-32.6171875
1;54800;STARFRUIT;5049;9;5048;23;;;5055;2;5056;23;;;5052.0;-40.2734375
1;54800;AMETHYSTS;9996;2;9995;23;;;10004;2;10005;23;;;10000.0;625.0
1;54900;STARFRUIT;5049;2;5048;22;;;5053;1;5055;24;;;5051.0;-41.953125
1;54900;AMETHYSTS;9996;2;9995;22;;;10004;2;10005;22;;;10000.0;625.0
1;55000;STARFRUIT;5048;22;;;;;5053;7;5055;22;;;5050.5;-55.03125
1;55000;AMETHYSTS;9996;2;9995;20;;;10004;2;10005;20;;;10000.0;625.0
1;55100;AMETHYSTS;9996;2;9995;24;;;10004;2;10005;24;;;10000.0;625.0
1;55100;STARFRUIT;5048;2;5047;24;;;5054;26;;;;;5051.0;-61.53125
1;55200;STARFRUIT;5046;25;;;;;5053;26;;;;;5049.5;-81.125
1;55200;AMETHYSTS;9998;8;9996;1;9995;25;10004;1;10005;25;;;10001.0;625.0
1;55300;STARFRUIT;5046;22;;;;;5051;3;5053;22;;;5048.5;-95.8515625
1;55300;AMETHYSTS;9995;22;;;;;10002;5;10005;22;;;9998.5;625.0
1;55400;STARFRUIT;5047;5;5046;28;;;5053;28;;;;;5050.0;-88.234375
1;55400;AMETHYSTS;9998;7;9996;1;9995;27;10004;1;10005;27;;;10001.0;625.0
1;55500;AMETHYSTS;9996;2;9995;22;;;10004;2;10005;22;;;10000.0;625.0
1;55500;STARFRUIT;5046;24;;;;;5051;2;5053;24;;;5048.5;-94.078125
1;55600;STARFRUIT;5046;23;;;;;5053;23;;;;;5049.5;-86.921875
1;55600;AMETHYSTS;9995;23;;;;;10002;9;10005;23;;;9998.5;625.0
1;55700;STARFRUIT;5046;22;;;;;5053;22;;;;;5049.5;-84.6484375
1;55700;AMETHYSTS;9996;1;9995;21;;;10002;7;10004;1;10005;21;9999.0;625.0
1;55800;STARFRUIT;5047;8;5046;26;;;5053;26;;;;;5050.0;-88.71875
1;55800;AMETHYSTS;9996;1;9995;25;;;10004;1;10005;25;;;10000.0;625.0
1;55900;AMETHYSTS;9995;20;;;;;10005;20;;;;;10000.0;625.0
1;55900;STARFRUIT;5049;4;5046;20;;;5053;20;;;;;5051.0;-93.96875
1;56000;STARFRUIT;5048;2;5045;25;;;5050;7;5052;25;;;5049.0;-106.9921875
1;56000;AMETHYSTS;10000;2;9996;1;9995;24;10002;6;10004;1;10005;24;10001.0;625.0
1;56100;STARFRUIT;5046;1;5045;27;;;5052;28;;;;;5049.0;-102.15625
1;56100;AMETHYSTS;9996;1;9995;27;;;9998;1;10002;3;10004;1;9997.0;625.0
1;56200;STARFRUIT;5045;1;5044;30;;;5047;4;5051;31;;;5046.0;-120.8984375
1;56200;AMETHYSTS;9996;1;9995;30;;;10000;4;10004;1;10005;30;9998.0;627.0
1;56300;AMETHYSTS;9995;28;;;;;10005;28;;;;;10000.0;627.0
1;56300;STARFRUIT;5044;28;;;;;5051;28;;;;;5047.5;-131.296875
1;56400;STARFRUIT;5044;29;;;;;5051;29;;;;;5047.5;-126.78125
1;56400;AMETHYSTS;9996;2;9995;27;;;10004;2;10005;27;;;10000.0;627.0
1;56500;STARFRUIT;5044;21;;;;;5052;21;;;;;5048.0;-119.46875
1;56500;AMETHYSTS;9995;21;;;;;10002;9;10005;21;;;9998.5;627.0
1;56600;STARFRUIT;5045;2;5044;28;;;5049;3;5051;30;;;5047.0;-122.015625
1;56600;AMETHYSTS;9996;2;9995;28;;;10002;2;10004;2;10005;28;9999.0;627.0
1;56700;AMETHYSTS;9998;5;9995;27;;;10005;27;;;;;10001.5;627.0
1;56700;STARFRUIT;5045;2;5044;27;;;5046;4;5052;27;;;5045.5;-119.828125
1;56800;STARFRUIT;5045;8;5044;23;;;5051;23;;;;;5048.0;-124.875
1;56800;AMETHYSTS;9995;23;;;;;10005;23;;;;;10000.0;627.0
1;56900;STARFRUIT;5045;21;;;;;5052;21;;;;;5048.5;-113.3515625
1;56900;AMETHYSTS;9996;1;9995;20;;;10004;1;10005;20;;;10000.0;627.0
1;57000;STARFRUIT;5046;22;;;;;5053;22;;;;;5049.5;-94.015625
1;57000;AMETHYSTS;9996;2;9995;20;;;10002;10;10004;2;10005;20;9999.0;627.0
1;57100;AMETHYSTS;9998;6;9995;24;;;10005;24;;;;;10001.5;627.0
1;57100;STARFRUIT;5051;1;5045;24;;;5052;24;;;;;5051.5;-101.8046875
1;57200;STARFRUIT;5046;26;;;;;5053;26;;;;;5049.5;-94.75
1;57200;AMETHYSTS;9998;5;9996;1;9995;25;10004;1;10005;25;;;10001.0;627.0
1;57300;STARFRUIT;5046;31;;;;;5051;1;5052;1;5053;30;5048.5;-98.453125
1;57300;AMETHYSTS;9996;1;9995;30;;;10004;1;10005;30;;;10000.0;627.0
1;57400;STARFRUIT;5046;1;5045;27;;;5052;28;;;;;5049.0;-103.859375
1;57400;AMETHYSTS;9996;1;9995;27;;;10004;1;10005;27;;;10000.0;627.0
1;57500;AMETHYSTS;9995;21;;;;;10005;21;;;;;10000.0;627.0
1;57500;STARFRUIT;5046;2;5045;21;;;5052;21;;;;;5049.0;-106.234375
1;57600;STARFRUIT;5049;5;5046;22;;;5052;2;5053;20;;;5050.5;-96.0859375
1;57600;AMETHYSTS;10000;4;9996;2;9995;20;10004;2;10005;20;;;10002.0;627.0
1;57700;STARFRUIT;5045;22;;;;;5052;22;;;;;5048.5;-107.609375
1;57700;AMETHYSTS;9998;2;9996;1;9995;21;10004;1;10005;21;;;10001.0;627.0
1;57800;STARFRUIT;5045;7;5044;28;;;5051;28;;;;;5048.0;-125.25
1;57800;AMETHYSTS;9996;2;9995;26;;;10002;4;10004;2;10005;26;9999.0;627.0
1;57900;AMETHYSTS;9996;2;9995;26;;;10004;2;10005;26;;;10000.0;627.0
1;57900;STARFRUIT;5045;28;;;;;5046;5;5052;28;;;5045.5;-114.7265625
1;58000;STARFRUIT;5045;28;;;;;5052;28;;;;;5048.5;-118.328125
1;58000;AMETHYSTS;9995;28;;;;;10005;28;;;;;10000.0;627.0
1;58100;STARFRUIT;5045;20;;;;;5052;20;;;;;5048.5;-109.34375
1;58100;AMETHYSTS;9998;7;9995;20;;;10005;20;;;;;10001.5;627.0
1;58200;STARFRUIT;5045;29;;;;;5052;29;;;;;5048.5;-111.625
1;58200;AMETHYSTS;9996;2;9995;27;;;10004;2;10005;27;;;10000.0;639.0
1;58300;AMETHYSTS;9996;2;9995;28;;;10004;2;10005;28;;;10000.0;639.0
1;58300;STARFRUIT;5045;30;;;;;5052;30;;;;;5048.5;-111.6484375
1;58400;STARFRUIT;5045;25;;;;;5052;25;;;;;5048.5;-117.390625
1;58400;AMETHYSTS;9995;25;;;;;10005;25;;;;;10000.0;639.0
1;58500;STARFRUIT;5045;22;;;;;5050;2;5051;2;5052;20;5047.5;-116.4453125
1;58500;AMETHYSTS;9998;3;9996;2;9995;20;10004;2;10005;20;;;10001.0;639.0
1;58600;STARFRUIT;5045;23;;;;;5052;23;;;;;5048.5;-112.640625
1;58600;AMETHYSTS;9996;1;9995;22;;;10004;1;10005;22;;;10000.0;639.0
1;58700;STARFRUIT;5045;30;;;;;5048;4;5052;30;;;5046.5;-105.6640625
1;58700;AMETHYSTS;9996;1;9995;29;;;9998;1;10000;4;10004;1;9997.0;639.0
1;58800;STARFRUIT;5046;31;;;;;5051;5;5052;1;5053;30;5048.5;-98.640625
1;58800;AMETHYSTS;9996;1;9995;30;;;10004;1;10005;30;;;10000.0;641.0
1;58900;STARFRUIT;5051;1;5045;25;;;5052;25;;;;;5051.5;-108.2109375
1;58900;AMETHYSTS;9996;2;9995;23;;;10004;2;10005;23;;;10000.0;645.0
1;59000;AMETHYSTS;9996;1;9995;23;;;10004;1;10005;23;;;10000.0;645.0
1;59000;STARFRUIT;5045;24;;;;;5052;24;;;;;5048.5;-111.15625
1;59100;STARFRUIT;5045;21;;;;;5051;1;5052;20;;;5048.0;-117.703125
1;59100;AMETHYSTS;9998;7;9996;1;9995;20;10004;1;10005;20;;;10001.0;645.0
1;59200;STARFRUIT;5049;10;5045;10;5044;23;5051;25;;;;;5050.0;-121.3984375
1;59200;AMETHYSTS;10002;1;9996;2;9995;23;10004;2;10005;23;;;10003.0;645.0
1;59300;STARFRUIT;5044;22;;;;;5051;22;;;;;5047.5;-123.6015625
1;59300;AMETHYSTS;9998;5;9995;22;;;10005;22;;;;;10001.5;647.0
1;59400;AMETHYSTS;10002;1;9995;23;;;10005;23;;;;;10003.5;647.0
1;59400;STARFRUIT;5045;23;;;;;5052;23;;;;;5048.5;-117.421875
1;59500;STARFRUIT;5044;24;;;;;5051;24;;;;;5047.5;-125.6640625
1;59500;AMETHYSTS;9996;2;9995;22;;;10004;2;10005;22;;;10000.0;693.0
1;59600;STARFRUIT;5045;1;5044;24;;;5051;25;;;;;5048.0;-122.109375
1;59600;AMETHYSTS;10002;1;9996;1;9995;24;10004;1;10005;24;;;10003.0;693.0
1;59700;STARFRUIT;5050;1;5045;26;;;5052;26;;;;;5051.0;-114.578125
1;59700;AMETHYSTS;9996;1;9995;25;;;10004;1;10005;25;;;10000.0;695.0
1;59800;AMETHYSTS;9998;9;9996;2;9995;22;10004;2;10005;22;;;10001.0;695.0
1;59800;STARFRUIT;5044;24;;;;;5051;24;;;;;5047.5;-125.1640625
1;59900;STARFRUIT;5043;25;;;;;5048;4;5050;25;;;5045.5;-148.515625
1;59900;AMETHYSTS;9996;2;9995;23;;;10004;2;10005;23;;;10000.0;695.0
1;60000;STARFRUIT;5044;6;5043;25;;;5050;26;;;;;5047.0;-144.46875
1;60000;AMETHYSTS;9996;1;9995;25;;;9998;3;10002;10;10004;1;9997.0;695.0
1;60100;STARFRUIT;5044;1;5043;27;;;5050;28;;;;;5047.0;-141.3203125
1;60100;AMETHYSTS;9996;1;9995;27;;;10004;1;10005;27;;;10000.0;701.0
1;60200;AMETHYSTS;9996;1;9995;25;;;10004;1;10005;25;;;10000.0;701.0
1;60200;STARFRUIT;5044;1;5043;25;;;5050;1;5051;25;;;5047.0;-139.4609375
1;60300;STARFRUIT;5044;1;5043;23;;;5050;24;;;;;5047.0;-143.171875
1;60300;AMETHYSTS;9998;3;9996;1;9995;23;10004;1;10005;23;;;10001.0;701.0
1;60400;STARFRUIT;5043;24;;;;;5050;24;;;;;5046.5;-149.03125
1;60400;AMETHYSTS;9996;2;9995;22;;;9998;1;10004;2;10005;22;9997.0;701.0
1;60500;STARFRUIT;5043;25;;;;;5046;2;5050;25;;;5044.5;-155.109375
1;60500;AMETHYSTS;9995;25;;;;;10000;2;10005;25;;;9997.5;711.0
1;60600;AMETHYSTS;9996;1;9995;21;;;10004;1;10005;21;;;10000.0;711.0
1;60600;STARFRUIT;5043;21;;;;;5049;1;5050;21;;;5046.0;-158.1875
1;60700;STARFRUIT;5047;9;5042;24;;;5049;24;;;;;5048.0;-164.0234375
1;60700;AMETHYSTS;9998;10;9995;24;;;10005;24;;;;;10001.5;731.0
1;60800;AMETHYSTS;9996;2;9995;26;;;10004;2;10005;26;;;10000.0;731.0
1;60800;STARFRUIT;5048;1;5042;28;;;5049;28;;;;;5048.5;-168.2109375
1;60900;AMETHYSTS;9998;10;9995;29;;;10005;29;;;;;10001.5;731.0
1;60900;STARFRUIT;5048;1;5042;29;;;5049;29;;;;;5048.5;-169.7578125
1;61000;AMETHYSTS;9996;1;9995;25;;;9998;1;10004;1;10005;25;9997.0;731.0
1;61000;STARFRUIT;5042;26;;;;;5049;26;;;;;5045.5;-167.546875
1;61100;STARFRUIT;5042;31;;;;;5049;31;;;;;5045.5;-168.3984375
1;61100;AMETHYSTS;9996;2;9995;29;;;10004;2;10005;29;;;10000.0;733.0
1;61200;AMETHYSTS;9998;1;9995;22;;;10005;22;;;;;10001.5;733.0
1;61200;STARFRUIT;5043;2;5042;22;;;5049;22;;;;;5046.0;-174.015625
1;61300;AMETHYSTS;9995;27;;;;;10005;27;;;;;10000.0;733.0
1;61300;STARFRUIT;5042;27;;;;;5049;27;;;;;5045.5;-162.375
1;61400;AMETHYSTS;9995;28;;;;;10005;28;;;;;10000.0;733.0
1;61400;STARFRUIT;5042;28;;;;;5049;28;;;;;5045.5;-162.859375
1;61500;STARFRUIT;5048;1;5043;22;;;5050;22;;;;;5049.0;-152.640625
1;61500;AMETHYSTS;9998;4;9995;22;;;10005;22;;;;;10001.5;733.0
1;61600;AMETHYSTS;9996;1;9995;27;;;10004;1;10005;27;;;10000.0;733.0
1;61600;STARFRUIT;5044;1;5043;27;;;5050;1;5051;27;;;5047.0;-140.0
1;61700;AMETHYSTS;9996;2;9995;21;;;10004;2;10005;21;;;10000.0;733.0
1;61700;STARFRUIT;5044;23;;;;;5051;23;;;;;5047.5;-131.96875
1;61800;AMETHYSTS;9996;2;9995;24;;;10004;2;10005;24;;;10000.0;733.0
1;61800;STARFRUIT;5044;25;;;;;5050;2;5051;24;;;5047.0;-136.75
1;61900;STARFRUIT;5043;28;;;;;5050;28;;;;;5046.5;-145.7890625
1;61900;AMETHYSTS;9995;28;;;;;10002;8;10005;28;;;9998.5;733.0
1;62000;AMETHYSTS;9995;24;;;;;10005;24;;;;;10000.0;733.0
1;62000;STARFRUIT;5043;24;;;;;5050;24;;;;;5046.5;-147.078125
1;62100;AMETHYSTS;9996;2;9995;25;;;10002;3;10004;2;10005;25;9999.0;733.0
1;62100;STARFRUIT;5043;27;;;;;5050;27;;;;;5046.5;-149.0546875
1;62200;AMETHYSTS;9998;9;9996;2;9995;22;10004;2;10005;22;;;10001.0;733.0
1;62200;STARFRUIT;5044;2;5043;22;;;5048;1;5050;24;;;5046.0;-144.1015625
1;62300;STARFRUIT;5043;21;;;;;5050;21;;;;;5046.5;-147.40625
1;62300;AMETHYSTS;9995;21;;;;;10005;21;;;;;10000.0;733.0
1;62400;AMETHYSTS;9995;24;;;;;10005;24;;;;;10000.0;733.0
1;62400;STARFRUIT;5043;24;;;;;5050;24;;;;;5046.5;-147.3359375
1;62500;AMETHYSTS;9996;2;9995;25;;;10004;2;10005;25;;;10000.0;733.0
1;62500;STARFRUIT;5043;27;;;;;5049;2;5050;25;;;5046.0;-156.28125
1;62600;AMETHYSTS;9998;6;9996;1;9995;21;10004;1;10005;21;;;10001.0;733.0
1;62600;STARFRUIT;5043;22;;;;;5050;22;;;;;5046.5;-149.234375
1;62700;STARFRUIT;5043;25;;;;;5050;25;;;;;5046.5;-153.75
1;62700;AMETHYSTS;9998;3;9995;25;;;10005;25;;;;;10001.5;733.0
1;62800;AMETHYSTS;9995;22;;;;;10005;22;;;;;10000.0;733.0
1;62800;STARFRUIT;5043;22;;;;;5050;22;;;;;5046.5;-153.25
1;62900;AMETHYSTS;10002;11;9998;3;9996;2;10004;2;10005;20;;;10003.0;741.0
1;62900;STARFRUIT;5044;2;5043;20;;;5050;2;5051;20;;;5047.0;-140.5
1;63000;AMETHYSTS;9995;30;;;;;10005;30;;;;;10000.0;763.0
1;63000;STARFRUIT;5043;30;;;;;5050;30;;;;;5046.5;-145.8984375
1;63100;STARFRUIT;5042;30;;;;;5049;30;;;;;5045.5;-161.0
1;63100;AMETHYSTS;9995;30;;;;;9998;1;10005;30;;;9996.5;763.0
1;63200;STARFRUIT;5042;25;;;;;5049;25;;;;;5045.5;-170.6875
1;63200;AMETHYSTS;9996;1;9995;24;;;10004;1;10005;24;;;10000.0;765.0
1;63300;AMETHYSTS;10002;4;9995;30;;;10005;30;;;;;10003.5;765.0
1;63300;STARFRUIT;5047;1;5042;30;;;5049;30;;;;;5048.0;-175.15625
1;63400;STARFRUIT;5043;2;5042;22;;;5049;24;;;;;5046.0;-162.875
1;63400;AMETHYSTS;9996;2;9995;22;;;10004;2;10005;22;;;10000.0;773.0
1;63500;STARFRUIT;5043;3;5042;28;;;5049;28;;;;;5046.0;-170.359375
1;63500;AMETHYSTS;9995;28;;;;;10005;28;;;;;10000.0;773.0
1;63600;STARFRUIT;5048;1;5042;22;;;5049;22;;;;;5048.5;-168.4765625
1;63600;AMETHYSTS;9995;22;;;;;10005;22;;;;;10000.0;773.0
1;63700;AMETHYSTS;9995;21;;;;;10000;5;10002;7;10005;21;9997.5;773.0
1;63700;STARFRUIT;5042;21;;;;;5045;5;5047;7;5049;21;5043.5;-163.34375
1;63800;STARFRUIT;5043;1;5042;27;;;5049;28;;;;;5046.0;-163.7109375
1;63800;AMETHYSTS;9996;1;9995;27;;;9998;1;10004;1;10005;27;9997.0;773.0
1;63900;STARFRUIT;5042;22;;;;;5045;2;5049;22;;;5043.5;-164.21875
1;63900;AMETHYSTS;9995;22;;;;;10000;2;10005;22;;;9997.5;775.0
1;64000;STARFRUIT;5043;2;5042;30;;;5049;30;;;;;5046.0;-170.140625
1;64000;AMETHYSTS;9995;30;;;;;9998;11;10002;10;10005;30;9996.5;775.0
1;64100;AMETHYSTS;9996;2;9995;26;;;10002;4;10004;2;10005;26;9999.0;797.0
1;64100;STARFRUIT;5042;28;;;;;5047;4;5049;28;;;5044.5;-169.9375
1;64200;STARFRUIT;5042;27;;;;;5049;27;;;;;5045.5;-173.8125
1;64200;AMETHYSTS;9996;2;9995;25;;;10004;2;10005;25;;;10000.0;797.0
1;64300;STARFRUIT;5043;2;5042;22;;;5049;22;;;;;5046.0;-165.453125
1;64300;AMETHYSTS;9998;4;9996;2;9995;20;10004;2;10005;20;;;10001.0;797.0
1;64400;STARFRUIT;5043;4;5042;29;;;5049;29;;;;;5046.0;-164.53125
1;64400;AMETHYSTS;9996;2;9995;27;;;10004;2;10005;27;;;10000.0;797.0
1;64500;AMETHYSTS;9996;2;9995;20;;;10004;2;10005;20;;;10000.0;797.0
1;64500;STARFRUIT;5043;9;5042;20;;;5049;22;;;;;5046.0;-162.0625
1;64600;STARFRUIT;5042;29;;;;;5049;29;;;;;5045.5;-170.5
1;64600;AMETHYSTS;9996;2;9995;27;;;10004;2;10005;27;;;10000.0;797.0
1;64700;STARFRUIT;5042;29;;;;;5049;29;;;;;5045.5;-171.5703125
1;64700;AMETHYSTS;10002;1;9996;1;9995;28;10004;1;10005;28;;;10003.0;805.0
1;64800;STARFRUIT;5042;20;;;;;5049;21;;;;;5045.5;-175.1484375
1;64800;AMETHYSTS;9996;1;9995;20;;;10004;1;10005;20;;;10000.0;807.0
1;64900;AMETHYSTS;9996;2;9995;30;;;9998;4;10002;10;10004;2;9997.0;807.0
1;64900;STARFRUIT;5042;32;;;;;5049;32;;;;;5045.5;-168.125
1;65000;STARFRUIT;5047;1;5042;27;;;5049;27;;;;;5048.0;-173.03125
1;65000;AMETHYSTS;9996;1;9995;26;;;10002;5;10004;1;10005;26;9999.0;815.0
1;65100;STARFRUIT;5042;26;;;;;5049;26;;;;;5045.5;-174.734375
1;65100;AMETHYSTS;9998;10;9996;1;9995;25;10004;1;10005;25;;;10001.0;815.0
1;65200;STARFRUIT;5043;2;5042;29;;;5048;1;5049;28;;;5045.5;-175.640625
1;65200;AMETHYSTS;9996;1;9995;28;;;10002;6;10004;1;10005;28;9999.0;815.0
1;65300;AMETHYSTS;9995;29;;;;;10002;9;10005;29;;;9998.5;815.0
1;65300;STARFRUIT;5042;29;;;;;5047;1;5049;29;;;5044.5;-175.109375
1;65400;STARFRUIT;5042;21;;;;;5044;2;5049;21;;;5043.0;-166.21875
1;65400;AMETHYSTS;9998;10;9995;21;;;10005;21;;;;;10001.5;815.0
1;65500;STARFRUIT;5042;20;;;;;5049;20;;;;;5045.5;-168.8359375
1;65500;AMETHYSTS;9995;20;;;;;10005;20;;;;;10000.0;815.0
1;65600;STARFRUIT;5043;6;5042;20;;;5049;20;;;;;5046.0;-165.921875
1;65600;AMETHYSTS;9998;3;9995;20;;;10005;20;;;;;10001.5;815.0
1;65700;AMETHYSTS;9995;24;;;;;10005;24;;;;;10000.0;815.0
1;65700;STARFRUIT;5042;24;;;;;5043;1;5049;24;;;5042.5;-166.1875
1;65800;STARFRUIT;5043;1;5042;30;;;5049;30;;;;;5046.0;-164.40625
1;65800;AMETHYSTS;10002;4;9995;30;;;10005;30;;;;;10003.5;815.0
1;65900;STARFRUIT;5042;26;;;;;5049;26;;;;;5045.5;-165.03125
1;65900;AMETHYSTS;9996;2;9995;24;;;10004;2;10005;24;;;10000.0;823.0
1;66000;STARFRUIT;5044;6;5043;25;;;5050;25;;;;;5047.0;-150.921875
1;66000;AMETHYSTS;9996;1;9995;24;;;10004;1;10005;24;;;10000.0;823.0
1;66100;AMETHYSTS;9996;2;9995;23;;;10004;2;10005;23;;;10000.0;823.0
1;66100;STARFRUIT;5048;1;5042;25;;;5049;25;;;;;5048.5;-167.6171875
1;66200;STARFRUIT;5047;5;5043;1;5042;22;5049;1;5050;22;;;5048.0;-160.28125
1;66200;AMETHYSTS;10002;1;9996;1;9995;22;10004;1;10005;22;;;10003.0;823.0
1;66300;STARFRUIT;5046;3;5043;20;;;5050;20;;;;;5048.0;-147.671875
1;66300;AMETHYSTS;10000;3;9995;20;;;10002;5;10005;20;;;10001.0;825.0
1;66400;STARFRUIT;5044;2;5043;24;;;5050;26;;;;;5047.0;-144.4140625
1;66400;AMETHYSTS;9996;2;9995;24;;;10004;2;10005;24;;;10000.0;825.0
1;66500;AMETHYSTS;9996;1;9995;30;;;10004;1;10005;30;;;10000.0;825.0
1;66500;STARFRUIT;5048;1;5043;31;;;5050;31;;;;;5049.0;-151.890625
1;66600;STARFRUIT;5043;31;;;;;5050;31;;;;;5046.5;-151.328125
1;66600;AMETHYSTS;10002;3;9998;1;9996;2;10004;2;10005;29;;;10003.0;825.0
1;66700;STARFRUIT;5045;5;5044;26;;;5050;1;5051;25;;;5047.5;-136.9375
1;66700;AMETHYSTS;9996;1;9995;25;;;10004;1;10005;25;;;10000.0;831.0
1;66800;STARFRUIT;5044;26;;;;;5051;26;;;;;5047.5;-128.8359375
1;66800;AMETHYSTS;9996;1;9995;25;;;10004;1;10005;25;;;10000.0;831.0
1;66900;AMETHYSTS;9995;20;;;;;10005;20;;;;;10000.0;831.0
1;66900;STARFRUIT;5045;3;5044;20;;;5051;20;;;;;5048.0;-133.421875
1;67000;STARFRUIT;5044;24;;;;;5051;24;;;;;5047.5;-132.6953125
1;67000;AMETHYSTS;9998;1;9996;2;9995;22;10004;2;10005;22;;;10001.0;831.0
1;67100;STARFRUIT;5044;26;;;;;5051;26;;;;;5047.5;-133.0390625
1;67100;AMETHYSTS;9996;1;9995;25;;;10004;1;10005;25;;;10000.0;831.0
1;67200;STARFRUIT;5044;23;;;;;5049;6;5051;23;;;5046.5;-137.09375
1;67200;AMETHYSTS;9995;23;;;;;10005;23;;;;;10000.0;831.0
1;67300;AMETHYSTS;9996;1;9995;21;;;10004;1;10005;21;;;10000.0;831.0
1;67300;STARFRUIT;5045;1;5044;22;;;5050;1;5051;21;;;5047.5;-137.140625
1;67400;STARFRUIT;5044;9;5043;28;;;5050;29;;;;;5047.0;-144.296875
1;67400;AMETHYSTS;9996;1;9995;28;;;10004;1;10005;28;;;10000.0;831.0
1;67500;STARFRUIT;5043;22;;;;;5050;22;;;;;5046.5;-142.9375
1;67500;AMETHYSTS;9995;22;;;;;10005;22;;;;;10000.0;835.0
1;67600;AMETHYSTS;9996;1;9995;25;;;10004;1;10005;25;;;10000.0;835.0
1;67600;STARFRUIT;5044;26;;;;;5051;26;;;;;5047.5;-131.9140625
1;67700;STARFRUIT;5045;23;;;;;5048;3;5051;2;5052;21;5046.5;-119.1484375
1;67700;AMETHYSTS;9996;2;9995;21;;;10000;3;10004;2;10005;21;9998.0;835.0
1;67800;STARFRUIT;5046;6;5045;32;;;5051;2;5052;30;;;5048.5;-118.3984375
1;67800;AMETHYSTS;9996;2;9995;30;;;10004;2;10005;30;;;10000.0;835.0
1;67900;STARFRUIT;5044;26;;;;;5051;26;;;;;5047.5;-125.0703125
1;67900;AMETHYSTS;9995;26;;;;;10005;26;;;;;10000.0;839.0
1;68000;AMETHYSTS;9995;25;;;;;10002;5;10005;25;;;9998.5;839.0
1;68000;STARFRUIT;5049;1;5044;25;;;5051;25;;;;;5050.0;-136.1796875
1;68100;STARFRUIT;5044;7;5043;27;;;5050;27;;;;;5047.0;-145.109375
1;68100;AMETHYSTS;9996;1;9995;26;;;10002;8;10004;1;10005;26;9999.0;839.0
1;68200;STARFRUIT;5043;24;;;;;5050;24;;;;;5046.5;-148.15625
1;68200;AMETHYSTS;9996;1;9995;23;;;9998;1;10004;1;10005;23;9997.0;839.0
1;68300;STARFRUIT;5043;26;;;;;5050;26;;;;;5046.5;-144.515625
1;68300;AMETHYSTS;9996;1;9995;25;;;10002;4;10004;1;10005;25;9999.0;841.0
1;68400;AMETHYSTS;10002;1;9996;1;9995;30;10004;1;10005;30;;;10003.0;841.0
1;68400;STARFRUIT;5044;1;5043;30;;;5050;1;5051;30;;;5047.0;-140.2265625
1;68500;STARFRUIT;5043;23;;;;;5048;5;5050;23;;;5045.5;-146.203125
1;68500;AMETHYSTS;9996;1;9995;22;;;10004;1;10005;22;;;10000.0;843.0
1;68600;STARFRUIT;5043;27;;;;;5050;27;;;;;5046.5;-153.015625
1;68600;AMETHYSTS;9995;27;;;;;9998;1;10005;27;;;9996.5;843.0
1;68700;STARFRUIT;5044;2;5043;20;;;5050;22;;;;;5047.0;-143.171875
1;68700;AMETHYSTS;9998;10;9996;2;9995;20;10004;2;10005;20;;;10001.0;845.0
1;68800;AMETHYSTS;9996;1;9995;30;;;10000;6;10002;1;10004;1;9998.0;845.0
1;68800;STARFRUIT;5044;1;5043;30;;;5046;6;5050;31;;;5045.0;-141.5546875
1;68900;STARFRUIT;5044;25;;;;;5051;25;;;;;5047.5;-127.375
1;68900;AMETHYSTS;9998;3;9996;2;9995;23;10004;2;10005;23;;;10001.0;845.0
1;69000;STARFRUIT;5045;1;5044;27;;;5051;28;;;;;5048.0;-123.6015625
1;69000;AMETHYSTS;9996;1;9995;27;;;10004;1;10005;27;;;10000.0;845.0
1;69100;STARFRUIT;5045;1;5044;26;;;5051;26;;;;;5048.0;-127.0625
1;69100;AMETHYSTS;9996;1;9995;25;;;10004;1;10005;25;;;10000.0;845.0
1;69200;AMETHYSTS;9996;1;9995;20;;;10002;8;10004;1;10005;20;9999.0;845.0
1;69200;STARFRUIT;5045;1;5044;20;;;5051;21;;;;;5048.0;-120.609375
1;69300;STARFRUIT;5045;24;;;;;5052;24;;;;;5048.5;-111.3125
1;69300;AMETHYSTS;9996;1;9995;23;;;10004;1;10005;23;;;10000.0;845.0
1;69400;STARFRUIT;5046;4;5045;22;;;5052;22;;;;;5049.0;-110.171875
1;69400;AMETHYSTS;9995;22;;;;;10005;22;;;;;10000.0;845.0
1;69500;STARFRUIT;5046;2;5045;31;;;5052;31;;;;;5049.0;-112.1171875
1;69500;AMETHYSTS;9996;1;9995;30;;;10002;8;10004;1;10005;30;9999.0;845.0
1;69600;AMETHYSTS;9996;2;9995;25;;;10004;2;10005;25;;;10000.0;845.0
1;69600;STARFRUIT;5045;2;5044;25;;;5051;27;;;;;5048.0;-123.375
1;69700;STARFRUIT;5045;2;5044;24;;;5051;26;;;;;5048.0;-122.3359375
1;69700;AMETHYSTS;10002;1;9996;2;9995;24;10004;2;10005;24;;;10003.0;845.0
1;69800;AMETHYSTS;9996;1;9995;22;;;10004;1;10005;22;;;10000.0;847.0
1;69800;STARFRUIT;5044;22;;;;;5051;23;;;;;5047.5;-121.6484375
1;69900;AMETHYSTS;10002;1;9998;10;9996;2;10004;2;10005;24;;;10003.0;847.0
1;69900;STARFRUIT;5044;26;;;;;5051;26;;;;;5047.5;-125.4296875
1;70000;AMETHYSTS;9996;2;9995;28;;;10004;2;10005;28;;;10000.0;849.0
1;70000;STARFRUIT;5044;2;5043;28;;;5050;2;5051;28;;;5047.0;-139.9296875
1;70100;STARFRUIT;5043;26;;;;;5050;27;;;;;5046.5;-151.5625
1;70100;AMETHYSTS;10002;1;9995;27;;;10005;27;;;;;10003.5;849.0
1;70200;AMETHYSTS;9996;2;9995;28;;;10004;2;10005;28;;;10000.0;851.0
1;70200;STARFRUIT;5043;30;;;;;5050;30;;;;;5046.5;-149.7734375
1;70300;AMETHYSTS;9998;10;9996;1;9995;24;10004;1;10005;24;;;10001.0;851.0
1;70300;STARFRUIT;5043;5;5042;24;;;5049;25;;;;;5046.0;-162.25
1;70400;AMETHYSTS;10002;13;9996;2;9995;29;10004;2;10005;29;;;10003.0;851.0
1;70400;STARFRUIT;5043;2;5042;29;;;5049;31;;;;;5046.0;-161.4765625
1;70500;STARFRUIT;5042;21;;;;;5044;3;5049;21;;;5043.0;-167.578125
1;70500;AMETHYSTS;10002;1;9995;21;;;10005;21;;;;;10003.5;877.0
1;70600;AMETHYSTS;10002;1;10000;3;9996;1;10004;1;10005;22;;;10003.0;879.0
1;70600;STARFRUIT;5045;2;5043;1;5042;22;5049;23;;;;;5047.0;-164.0703125
1;70700;AMETHYSTS;9995;27;;;;;10005;27;;;;;10000.0;881.0
1;70700;STARFRUIT;5043;27;;;;;5050;27;;;;;5046.5;-151.7265625
1;70800;AMETHYSTS;9996;2;9995;20;;;9998;5;10002;8;10004;2;9997.0;885.0
1;70800;STARFRUIT;5043;22;;;;;5049;2;5050;20;;;5046.0;-158.765625
1;70900;STARFRUIT;5042;21;;;;;5043;1;5049;21;;;5042.5;-161.2109375
1;70900;AMETHYSTS;9995;21;;;;;10005;21;;;;;10000.0;895.0
1;71000;AMETHYSTS;9996;2;9995;28;;;9998;3;10004;2;10005;28;9997.0;895.0
1;71000;STARFRUIT;5043;30;;;;;5048;1;5049;2;5050;28;5045.5;-157.6171875
1;71100;AMETHYSTS;9998;4;9995;30;;;10005;30;;;;;10001.5;901.0
1;71100;STARFRUIT;5043;6;5042;30;;;5050;30;;;;;5046.5;-159.8125
1;71200;AMETHYSTS;9996;1;9995;27;;;9998;1;10004;1;10005;27;9997.0;901.0
1;71200;STARFRUIT;5043;28;;;;;5050;28;;;;;5046.5;-147.34375
1;71300;STARFRUIT;5044;2;5043;28;;;5048;8;5050;30;;;5046.0;-141.40625
1;71300;AMETHYSTS;9996;2;9995;28;;;10004;2;10005;28;;;10000.0;903.0
1;71400;AMETHYSTS;10002;2;9996;2;9995;25;10004;2;10005;25;;;10003.0;903.0
1;71400;STARFRUIT;5044;27;;;;;5049;6;5051;27;;;5046.5;-133.34375
1;71500;AMETHYSTS;9995;26;;;;;10005;26;;;;;10000.0;915.0
1;71500;STARFRUIT;5043;26;;;;;5049;5;5051;26;;;5046.0;-140.046875
1;71600;AMETHYSTS;9998;7;9996;2;9995;29;10004;2;10005;29;;;10001.0;915.0
1;71600;STARFRUIT;5044;2;5043;29;;;5050;31;;;;;5047.0;-143.1171875
1;71700;STARFRUIT;5043;26;;;;;5050;26;;;;;5046.5;-154.46875
1;71700;AMETHYSTS;9996;1;9995;25;;;9998;1;10004;1;10005;25;9997.0;915.0
1;71800;AMETHYSTS;9995;22;;;;;9998;1;10005;22;;;9996.5;917.0
1;71800;STARFRUIT;5043;22;;;;;5050;22;;;;;5046.5;-153.53125
1;71900;AMETHYSTS;9996;2;9995;28;;;10004;2;10005;28;;;10000.0;919.0
1;71900;STARFRUIT;5043;30;;;;;5050;30;;;;;5046.5;-146.2421875
1;72000;STARFRUIT;5044;1;5043;23;;;5050;24;;;;;5047.0;-142.78125
1;72000;AMETHYSTS;9998;2;9996;1;9995;23;10004;1;10005;23;;;10001.0;919.0
1;72100;STARFRUIT;5043;26;;;;;5050;26;;;;;5046.5;-147.4375
1;72100;AMETHYSTS;9996;2;9995;24;;;9998;1;10004;2;10005;24;9997.0;919.0
1;72200;STARFRUIT;5044;25;;;;;5051;25;;;;;5047.5;-137.84375
1;72200;AMETHYSTS;9995;25;;;;;9998;1;10005;25;;;9996.5;921.0
1;72300;AMETHYSTS;9996;1;9995;22;;;10004;1;10005;22;;;10000.0;923.0
1;72300;STARFRUIT;5043;23;;;;;5048;3;5050;23;;;5045.5;-149.921875
1;72400;STARFRUIT;5043;25;;;;;5050;25;;;;;5046.5;-152.359375
1;72400;AMETHYSTS;9995;25;;;;;10005;25;;;;;10000.0;923.0
1;72500;STARFRUIT;5046;4;5044;2;5043;20;5050;22;;;;;5048.0;-143.046875
1;72500;AMETHYSTS;10000;4;9996;2;9995;20;10004;2;10005;20;;;10002.0;923.0
1;72600;STARFRUIT;5043;28;;;;;5051;28;;;;;5047.0;-139.6484375
1;72600;AMETHYSTS;9998;8;9995;28;;;10005;28;;;;;10001.5;923.0
1;72700;AMETHYSTS;9995;28;;;;;10005;28;;;;;10000.0;923.0
1;72700;STARFRUIT;5043;28;;;;;5050;28;;;;;5046.5;-143.703125
1;72800;STARFRUIT;5044;29;;;;;5045;8;5051;29;;;5044.5;-131.09375
1;72800;AMETHYSTS;9996;2;9995;27;;;10004;2;10005;27;;;10000.0;923.0
1;72900;STARFRUIT;5045;2;5044;23;;;5051;23;;;;;5048.0;-130.734375
1;72900;AMETHYSTS;9996;1;9995;22;;;10002;4;10004;1;10005;22;9999.0;923.0
1;73000;STARFRUIT;5044;21;;;;;5049;8;5051;21;;;5046.5;-128.546875
1;73000;AMETHYSTS;9995;21;;;;;10005;21;;;;;10000.0;923.0
1;73100;AMETHYSTS;9996;1;9995;27;;;10002;7;10004;1;10005;27;9999.0;923.0
1;73100;STARFRUIT;5045;28;;;;;5050;3;5051;1;5052;27;5047.5;-117.0234375
1;73200;STARFRUIT;5045;24;;;;;5052;24;;;;;5048.5;-113.015625
1;73200;AMETHYSTS;9996;1;9995;23;;;10002;7;10004;1;10005;23;9999.0;923.0
1;73300;STARFRUIT;5045;25;;;;;5052;25;;;;;5048.5;-109.125
1;73300;AMETHYSTS;9996;2;9995;23;;;10004;2;10005;23;;;10000.0;923.0
1;73400;STARFRUIT;5045;30;;;;;5052;30;;;;;5048.5;-109.359375
1;73400;AMETHYSTS;9995;30;;;;;10002;6;10005;30;;;9998.5;923.0
1;73500;AMETHYSTS;9998;6;9996;1;9995;24;10004;1;10005;24;;;10001.0;923.0
1;73500;STARFRUIT;5045;25;;;;;5052;25;;;;;5048.5;-111.875
1;73600;STARFRUIT;5045;30;;;;;5052;30;;;;;5048.5;-108.9375
1;73600;AMETHYSTS;9995;30;;;;;9998;1;10005;30;;;9996.5;923.0
1;73700;STARFRUIT;5045;25;;;;;5052;25;;;;;5048.5;-108.6875
1;73700;AMETHYSTS;10002;4;9995;25;;;10005;25;;;;;10003.5;933.0
1;73800;STARFRUIT;5045;22;;;;;5052;22;;;;;5048.5;-109.09375
1;73800;AMETHYSTS;9998;1;9996;1;9995;21;10004;1;10005;21;;;10001.0;941.0
1;73900;AMETHYSTS;9995;27;;;;;10005;27;;;;;10000.0;941.0
1;73900;STARFRUIT;5045;27;;;;;5052;27;;;;;5048.5;-119.109375
1;74000;STARFRUIT;5047;6;5045;7;5044;29;5051;29;;;;;5049.0;-125.25
1;74000;AMETHYSTS;10000;5;9996;2;9995;27;10004;2;10005;27;;;10002.0;941.0
1;74100;STARFRUIT;5048;3;5044;24;;;5051;24;;;;;5049.5;-131.4765625
1;74100;AMETHYSTS;9998;5;9996;1;9995;23;10004;1;10005;23;;;10001.0;941.0
1;74200;STARFRUIT;5044;31;;;;;5049;7;5051;31;;;5046.5;-129.578125
1;74200;AMETHYSTS;9996;1;9995;30;;;10002;1;10004;1;10005;30;9999.0;941.0
1;74300;AMETHYSTS;9998;6;9996;1;9995;26;10004;1;10005;26;;;10001.0;941.0
1;74300;STARFRUIT;5044;27;;;;;5049;3;5051;27;;;5046.5;-129.765625
1;74400;STARFRUIT;5044;23;;;;;5051;23;;;;;5047.5;-131.609375
1;74400;AMETHYSTS;9996;2;9995;21;;;10004;2;10005;21;;;10000.0;941.0
1;74500;STARFRUIT;5049;1;5048;3;5044;26;5050;2;5051;24;;;5049.5;-136.8125
1;74500;AMETHYSTS;9996;2;9995;24;;;10004;2;10005;24;;;10000.0;941.0
1;74600;STARFRUIT;5045;1;5044;29;;;5051;29;;;;;5048.0;-129.546875
1;74600;AMETHYSTS;9996;2;9995;27;;;9998;2;10004;2;10005;27;9997.0;941.0
1;74700;AMETHYSTS;9996;1;9995;26;;;10004;1;10005;26;;;10000.0;945.0
1;74700;STARFRUIT;5044;27;;;;;5051;27;;;;;5047.5;-124.96875
1;74800;STARFRUIT;5045;1;5044;26;;;5050;2;5051;24;;;5047.5;-138.140625
1;74800;AMETHYSTS;9996;2;9995;24;;;10004;2;10005;24;;;10000.0;945.0
1;74900;STARFRUIT;5044;28;;;;;5051;28;;;;;5047.5;-126.53125
1;74900;AMETHYSTS;9996;1;9995;27;;;10004;1;10005;27;;;10000.0;945.0
1;75000;STARFRUIT;5044;22;;;;;5051;22;;;;;5047.5;-126.6796875
1;75000;AMETHYSTS;9996;1;9995;21;;;9998;4;10004;1;10005;21;9997.0;945.0
1;75100;AMETHYSTS;9996;2;9995;26;;;10002;8;10004;2;10005;26;9999.0;953.0
1;75100;STARFRUIT;5045;28;;;;;5052;28;;;;;5048.5;-114.8828125
1;75200;STARFRUIT;5046;7;5045;31;;;5051;1;5052;30;;;5048.5;-118.375
1;75200;AMETHYSTS;9996;1;9995;30;;;10004;1;10005;30;;;10000.0;953.0
1;75300;STARFRUIT;5044;27;;;;;5051;27;;;;;5047.5;-126.0078125
1;75300;AMETHYSTS;9998;7;9996;1;9995;26;10004;1;10005;26;;;10001.0;953.0
1;75400;STARFRUIT;5044;25;;;;;5051;25;;;;;5047.5;-128.09375
1;75400;AMETHYSTS;9995;25;;;;;10005;25;;;;;10000.0;953.0
1;75500;AMETHYSTS;9996;1;9995;22;;;10004;1;10005;22;;;10000.0;953.0
1;75500;STARFRUIT;5044;23;;;;;5051;23;;;;;5047.5;-131.15625
1;75600;STARFRUIT;5044;2;5043;23;;;5050;2;5051;23;;;5047.0;-140.375
1;75600;AMETHYSTS;9996;2;9995;23;;;9998;9;10004;2;10005;23;9997.0;957.0
1;75700;STARFRUIT;5049;1;5043;27;;;5050;27;;;;;5049.5;-144.8515625
1;75700;AMETHYSTS;9996;2;9995;25;;;10004;2;10005;25;;;10000.0;975.0
1;75800;STARFRUIT;5049;1;5044;1;5043;28;5050;28;;;;;5049.5;-146.546875
1;75800;AMETHYSTS;9996;2;9995;26;;;10002;3;10004;2;10005;26;9999.0;975.0
1;75900;AMETHYSTS;9996;2;9995;22;;;10004;2;10005;22;;;10000.0;975.0
1;75900;STARFRUIT;5043;24;;;;;5048;3;5050;24;;;5045.5;-152.2265625
1;76000;STARFRUIT;5043;4;5042;30;;;5049;31;;;;;5046.0;-163.765625
1;76000;AMETHYSTS;9998;8;9996;1;9995;30;10004;1;10005;30;;;10001.0;975.0
1;76100;STARFRUIT;5042;28;;;;;5049;28;;;;;5045.5;-168.640625
1;76100;AMETHYSTS;10002;1;9995;28;;;10005;28;;;;;10003.5;975.0
1;76200;STARFRUIT;5042;28;;;;;5049;28;;;;;5045.5;-166.40625
1;76200;AMETHYSTS;9998;9;9995;28;;;10005;28;;;;;10001.5;977.0
1;76300;AMETHYSTS;9998;7;9996;1;9995;21;10004;1;10005;21;;;10001.0;977.0
1;76300;STARFRUIT;5043;22;;;;;5050;22;;;;;5046.5;-152.609375
1;76400;STARFRUIT;5044;8;5043;28;;;5050;28;;;;;5047.0;-157.671875
1;76400;AMETHYSTS;9995;28;;;;;10005;28;;;;;10000.0;977.0
